2558 4726
191 326 252 387 m
664 322 758 393 m&

221 474 247 535 6.
264 475 365 549 diist.
911 480 972 539 N0.
988 482 1207 541 Dcccclvil

492 646 541 717 litt
576 646 686 717 itur.
718 645 939 717 itttttttt.

259 818 282 867 tt.
296 818 356 863 ittet
369 818 396 866 e.
409 818 461 867 ein.
475 817 628 871 cittiutittui
643 820 681 867 ttt
692 830 717 867 tt
729 818 783 867 and
796 818 909 871 utilrtldt
924 818 1097 877 insidietur
1110 822 1187 871 lietu

526 891 710 945 inniterentur
723 902 750 945 tn
761 894 870 945 utinen.
883 894 912 947 ‘t

265 1184 316 1231 ttut
329 1185 366 1229 ter
380 1182 589 1236 uitucrtsdrtt
601 1182 747 1239 &carnisne
760 1192 786 1237 tu
800 1182 953 1269 itirtir'iro
968 1186 1096 1245 &dupe
1108 1186 1138 1233 11.
1149 1186 1181 1235 ti

194 1356 248 1448 G·
275 1411 306 1458 et
328 1402 364 1459 P.
390 1406 418 1459 in
443 1404 586 1460 Domino.
620 1401 800 1460 Cltrrissittte
825 1402 982 1474 cordate,
1012 1406 1146 1463 rediisse
1168 1414 1195 1461 tt
1208 1412 1231 1455 tt

192 1492 312 1545 Austris
324 1493 498 1561 jamdudum
510 1494 637 1563 cognovi
655 1504 684 1549 ct
696 1508 750 1564 spe
767 1508 802 1547 ac
818 1492 1030 1562 promissione
1043 1494 1230 1565 Reginam

192 1580 222 1633 in
239 1582 314 1633 velle
331 1583 454 1637 uectari:
473 1600 563 1653 porro
581 1581 724 1648 divinavi,
739 1584 764 1649 1)
788 1597 943 1653 nunquam
962 1584 1111 1639 l'uturutn
1128 1591 1231 1647 essm!

192 1670 344 1725 revoceris
362 1672 517 1739 ellegiua:
534 1671 657 1743 proinde
668 1672 692 1727 si
709 1670 760 1725 tibi
772 1686 859 1739 greve
877 1680 927 1725 aut
944 1672 1185 1731 incommodum
1196 1682 1230 1733 dl

192 1760 268 1815 ictuc
285 1762 410 1828 morari,
427 1762 537 1815 nollem
554 1771 584 1817 te
600 1760 738 1827 differre,
761 1761 814 1816 ted
829 1770 983 1815 maturare
1000 1764 1054 1817 vel
1073 1764 1112 1819 nd
1129 1778 1190 1831 nte,
1203 1756 1231 1813 ul

194 1866 256 1920 quo
278 1850 398 1917 liberet,
421 1866 586 1906 accessum.
621 1850 700 1905 Nam
716 1850 741 1903 si
758 1848 889 1919 Reginae
906 1850 1078 1923 aliquando
1096 1851 1239 1909 libuerittt'

193 1954 305 1994 vocare
322 1940 438 2007 denuo,
463 1940 539 2011 apud
556 1955 612 1995 nos
634 1955 727 2011 reque
751 1956 788 1993 ac
812 1938 844 1993 in
866 1940 944 1993 velle
972 1942 1117 2013 reperire
1138 1938 1230 2015 potet'u

194 2030 270 2100 apud
287 2046 342 2084 nos
360 2046 429 2083 sane
447 2028 634 2083 conversatio
651 2042 680 2083 et
690 2026 797 2083 melior
811 2040 842 2083 et
855 2026 970 2095 gratior
986 2028 1043 2084 tibi
1062 2034 1229 2103 essepotst

193 2122 243 2189 (ut
260 2120 365 2185 credo)
383 2134 471 2189 quam
488 2118 552 2173 istic
568 2117 645 2172 iuter
661 2117 703 2171 tui
719 2116 888 2172 dissimiles.
920 2114 993 2187 Ego
1012 2134 1110 2189 sane,
1127 2120 1152 2177 si
1167 2131 1230 2175 ocu·

194 2209 240 2263 sio
254 2218 402 2279 posceret,
422 2206 550 2275 Reginae
567 2206 716 2277 promisso
728 2202 875 2275 neglecto,
892 2220 1036 2275 rogarem
1054 2206 1228 2267 nihiloniut

194 2312 223 2351 te
240 2298 282 2351 ire
299 2296 413 2351 interitu
431 2296 458 2349 iu
471 2294 646 2367 obsequium
658 2292 777 2351 Christi.
811 2292 942 2351 Proinde
953 2294 997 2349 sit
1011 2296 1149 2366 arbitrii,
1167 2308 1227 2369 potr!

194 2388 228 2439 tul
247 2404 301 2440 nus
319 2404 385 2440 cum
404 2386 557 2440 sororcula
574 2400 670 2440 uxore
689 2383 872 2451 concedere,
890 2385 989 2439 donec
1008 2387 1102 2443 aliter
1114 2390 1227 2443 Christo

195 2478 313 2529 curarit.
346 2476 508 2529 Pontifices
531 2487 560 2528 et
577 2474 761 2529 sacrificulos
779 2472 915 2527 mandato
933 2472 1119 2533 Ferdiu'uudi
1141 2480 1227 2537 laetos.

194 2566 319 2619 audaces
345 2578 371 2619 et
397 2580 521 2619 securos
547 2565 658 2628 lectos,
684 2564 735 2617 vix
761 2562 959 2633 permissuros
980 2581 1078 2634 spero
1106 2569 1136 2623 in
1154 2566 1226 2635 reguis

195 2654 271 2707 illius
289 2654 490 2721 Evangelisus
507 2653 604 2705 denuo
630 2652 819 2705 invalescere.
855 2650 934 2724 Quid
960 2668 1036 2719 ergo
1057 2672 1122 2711 non
1146 2668 1228 2710 necet.

197 2743 268 2795 suria
293 2755 320 2794 et
339 2758 408 2793 vere
435 2742 598 2793 frustratura
624 2756 675 2811 spe
694 2740 882 2793 consulerem
908 2749 937 2793 te
962 2739 1104 2801 differri?
1138 2746 1227 2799 l'idutt

196 2831 293 2884 scutris
318 2830 435 2882 locutus
452 2844 517 2881 sum
535 2828 638 2880 blande
662 2838 690 2881 et
708 2844 801 2881 meum
823 2828 900 2897 jussi
926 2841 1052 2898 operam
1077 2834 1226 2903 postulate.

194 2923 220 2975 si
247 2937 303 2990 qua
328 2936 403 2989 opus
429 2919 468 2971 illi
493 2919 589 2971 luerit.
623 2917 720 2972 Pestis
745 2918 794 2970 hic
817 2918 901 2972 desiit
918 2918 1007 2985 gratia
1027 2921 1161 2983 Christi.
1180 2924 1227 2992 jin

194 3011 283 3064 tertio
300 3024 410 3061 menso.
444 3006 607 3077 Epistulam
625 3022 720 3059 meam
738 3018 837 3060 contra
855 3006 1065 3079 Anabaptistas
1094 3022 1124 3065 te
1143 3014 1226 3083 legisse

194 3102 293 3155 credo.
328 3100 419 3168 Spero
437 3098 549 3167 aliquus
567 3114 620 3166 per
643 3112 707 3148 eam
726 3096 834 3149 servari
858 3107 888 3149 et
905 3099 1040 3152 rovocari
1060 3118 1171 3172 posse,
1193 3100 1227 3153 al.

196 3194 322 3263 spirante
341 3187 469 3241 (tltristo.
504 3188 623 3239 (laetere
642 3184 792 3253 Georgius
814 3196 917 3239 noster
936 3186 1106 3257 Rorcrius,
1135 3190 1226 3246 charit·

196 3284 288 3335 siuuts
306 3294 333 3332 et
346 3277 436 3331 lidelis
450 3275 584 3329 minister
597 3273 717 3328 Christi.
751 3274 899 3328 Dominus
912 3276 1001 3343 gratia
1019 3294 1074 3333 sua
1092 3292 1123 3335 et
1139 3280 1225 3354 spiriu

196 3389 250 3425 ¹suu
269 3384 385 3434 tecum,
403 3370 508 3419 Amen.
543 3366 585 3419 ll.
601 3364 626 3418 ὑ.
644 3364 735 3418 dlart.
753 3364 964 3419 utvxxwtt.

876 3484 914 3541 Τ.
931 3484 1024 3542 utari.
1043 3488 1198 3546 Lutherut.

244 3758 266 3804 l)
285 3753 408 3803 detinuit).
422 3752 446 3804 ti.
460 3750 570 3797 divinari.

194 3889 419 3905 *u—

248 3990 268 4043 ·)
281 3986 342 4037 ticet
355 3986 398 4032 liu.
411 3984 566 4036 liccem.
579 3986 657 4038 ieiuni
671 3983 709 4037 io
722 3984 748 4035 Ε.
762 3984 795 4031 int
808 3984 869 4034 utcu.
881 3986 938 4033 153⁶.
951 3984 976 4030 in
991 3984 1096 4045 eiectus.
