<?xml version="1.0" encoding="UTF-8"?>
<!DOCTYPE html PUBLIC "-//W3C//DTD XHTML 1.0 Transitional//EN"
    "http://www.w3.org/TR/xhtml1/DTD/xhtml1-transitional.dtd">
<html xmlns="http://www.w3.org/1999/xhtml" xml:lang="en" lang="en">
 <head>
  <title>
</title>
<meta http-equiv="Content-Type" content="text/html;charset=utf-8" />
  <meta name='ocr-system' content='tesseract 3.04.00' />
  <meta name='ocr-capabilities' content='ocr_page ocr_carea ocr_par ocr_line ocrx_word'/>
</head>
<body>
  <div class='ocr_page' id='page_1' title='image "./briefesendschre06luthgoog/briefesendschre06luthgoog_0261.png"; bbox 0 0 2558 4726; ppageno 0'>
   <div class='ocr_carea' id='block_1_1' title="bbox 114 311 1202 419">
    <p class='ocr_par' dir='ltr' id='par_1_1' title="bbox 114 311 1202 419">
     <span class='ocr_line' id='line_1_1' title="bbox 114 311 1202 419; baseline 0.005 -40"><span class='ocrx_word' id='word_1_1' title='bbox 114 312 175 380; x_wconf 74' lang='lat'><strong>236</strong></span> <span class='ocrx_word' id='word_1_2' title='bbox 597 311 686 383; x_wconf 78' lang='lat'><strong>1527.</strong></span> <span class='ocrx_word' id='word_1_3' title='bbox 1198 330 1202 419; x_wconf 60' lang='lat' dir='ltr'><strong>y</strong></span> 
     </span>
    </p>
   </div>
   <div class='ocr_carea' id='block_1_2' title="bbox 108 456 1203 3863">
    <p class='ocr_par' dir='ltr' id='par_1_2' title="bbox 108 456 1203 3863">
     <span class='ocr_line' id='line_1_2' title="bbox 112 456 1202 547; baseline 0 -20"><span class='ocrx_word' id='word_1_4' title='bbox 112 470 243 527; x_wconf 81' lang='lat' dir='ltr'>Proinde</span> <span class='ocrx_word' id='word_1_5' title='bbox 260 486 330 527; x_wconf 89' lang='lat' dir='ltr'><strong>cuin</strong></span> <span class='ocrx_word' id='word_1_6' title='bbox 346 484 379 527; x_wconf 91' lang='lat' dir='ltr'><strong>tu</strong></span> <span class='ocrx_word' id='word_1_7' title='bbox 395 472 580 528; x_wconf 86' lang='lat' dir='ltr'><strong>intervallum</strong></span> <span class='ocrx_word' id='word_1_8' title='bbox 596 475 683 546; x_wconf 80' lang='lat' dir='ltr'><strong>ponis</strong></span> <span class='ocrx_word' id='word_1_9' title='bbox 701 477 777 531; x_wconf 86' lang='lat' dir='ltr'><strong>inter</strong></span> <span class='ocrx_word' id='word_1_10' title='bbox 787 472 943 530; x_wconf 77' lang='lat' dir='ltr'><strong>dationem</strong></span> <span class='ocrx_word' id='word_1_11' title='bbox 963 480 997 529; x_wconf 85' lang='lat' dir='ltr'><strong>et</strong></span> <span class='ocrx_word' id='word_1_12' title='bbox 1013 470 1176 547; x_wconf 75' lang='lat' dir='ltr'><strong>appellatio.</strong></span> <span class='ocrx_word' id='word_1_13' title='bbox 1200 456 1202 465; x_wconf 49' lang='lat'>¹</span> 
     </span>
     <span class='ocr_line' id='line_1_3' title="bbox 112 562 1175 635; baseline 0.002 -20"><span class='ocrx_word' id='word_1_14' title='bbox 112 576 200 628; x_wconf 87' lang='lat' dir='ltr'><strong>nent,</strong></span> <span class='ocrx_word' id='word_1_15' title='bbox 216 562 301 631; x_wconf 81' lang='lat' dir='ltr'><strong>lingis</strong></span> <span class='ocrx_word' id='word_1_16' title='bbox 320 574 423 617; x_wconf 86' lang='lat' dir='ltr'><strong>contra</strong></span> <span class='ocrx_word' id='word_1_17' title='bbox 440 576 571 617; x_wconf 87' lang='lat' dir='ltr'><strong>naturam</strong></span> <span class='ocrx_word' id='word_1_18' title='bbox 588 564 666 619; x_wconf 84' lang='lat' dir='ltr'><strong>sacti.</strong></span> <span class='ocrx_word' id='word_1_19' title='bbox 701 564 787 619; x_wconf 77' lang='lat' dir='ltr'><strong>Certe</strong></span> <span class='ocrx_word' id='word_1_20' title='bbox 805 564 841 619; x_wconf 81' lang='lat' dir='ltr'><strong>etl</strong></span> <span class='ocrx_word' id='word_1_21' title='bbox 864 564 1067 635; x_wconf 77' lang='lat' dir='ltr'><strong>impossibile</strong></span> <span class='ocrx_word' id='word_1_22' title='bbox 1085 574 1116 619; x_wconf 81' lang='lat' dir='ltr'><strong>te</strong></span> <span class='ocrx_word' id='word_1_23' title='bbox 1131 562 1175 619; x_wconf 80' lang='lat' dir='ltr'><strong>olt-</strong></span> 
     </span>
     <span class='ocr_line' id='line_1_4' title="bbox 111 649 1202 724; baseline 0.004 -21"><span class='ocrx_word' id='word_1_24' title='bbox 111 649 201 717; x_wconf 75' lang='lat' dir='ltr'><strong>ligas,</strong></span> <span class='ocrx_word' id='word_1_25' title='bbox 219 650 279 705; x_wconf 88' lang='lat' dir='ltr'><strong>hoc</strong></span> <span class='ocrx_word' id='word_1_26' title='bbox 296 664 340 707; x_wconf 81' lang='lat' dir='ltr'><strong>est</strong></span> <span class='ocrx_word' id='word_1_27' title='bbox 357 654 393 707; x_wconf 90' lang='lat' dir='ltr'><strong>ud</strong></span> <span class='ocrx_word' id='word_1_28' title='bbox 410 653 595 724; x_wconf 86' lang='lat' dir='ltr'><strong>probandum</strong></span> <span class='ocrx_word' id='word_1_29' title='bbox 612 654 691 709; x_wconf 67' lang='lat' dir='ltr'><strong>bruil</strong></span> <span class='ocrx_word' id='word_1_30' title='bbox 714 652 922 721; x_wconf 83' lang='lat' dir='ltr'><strong>intervallum,</strong></span> <span class='ocrx_word' id='word_1_31' title='bbox 952 666 1029 707; x_wconf 79' lang='lat' dir='ltr'><strong>outtt</strong></span> <span class='ocrx_word' id='word_1_32' title='bbox 1046 652 1174 721; x_wconf 69' lang='lat' dir='ltr'><strong>Evange-</strong></span> <span class='ocrx_word' id='word_1_33' title='bbox 1200 688 1202 717; x_wconf 77' lang='lat'>;</span> 
     </span>
     <span class='ocr_line' id='line_1_5' title="bbox 111 726 1202 815; baseline 0 -20"><span class='ocrx_word' id='word_1_34' title='bbox 111 739 175 795; x_wconf 73' lang='lat' dir='ltr'><strong>lists</strong></span> <span class='ocrx_word' id='word_1_35' title='bbox 193 759 246 812; x_wconf 87' lang='lat' dir='ltr'><strong>per</strong></span> <span class='ocrx_word' id='word_1_36' title='bbox 263 744 450 813; x_wconf 74' lang='lat' dir='ltr'><strong>participium</strong></span> <span class='ocrx_word' id='word_1_37' title='bbox 476 744 544 797; x_wconf 91' lang='lat' dir='ltr'><strong>illud</strong></span> <span class='ocrx_word' id='word_1_38' title='bbox 562 744 696 809; x_wconf 85' lang='lat' dir='ltr'><strong>(dicens)</strong></span> <span class='ocrx_word' id='word_1_39' title='bbox 715 758 837 815; x_wconf 78' lang='lat' dir='ltr'><strong>prorsus</strong></span> <span class='ocrx_word' id='word_1_40' title='bbox 857 742 948 798; x_wconf 86' lang='lat' dir='ltr'><strong>tollat</strong></span> <span class='ocrx_word' id='word_1_41' title='bbox 975 742 1173 811; x_wconf 78' lang='lat' dir='ltr'><strong>intervallum,</strong></span> <span class='ocrx_word' id='word_1_42' title='bbox 1199 726 1202 743; x_wconf 66' lang='lat'><strong>¹</strong></span> 
     </span>
     <span class='ocr_line' id='line_1_6' title="bbox 112 830 1173 901; baseline 0.002 -16"><span class='ocrx_word' id='word_1_43' title='bbox 112 840 143 885; x_wconf 85' lang='lat' dir='ltr'><strong>et</strong></span> <span class='ocrx_word' id='word_1_44' title='bbox 151 830 225 886; x_wconf 88' lang='lat' dir='ltr'><strong>inter</strong></span> <span class='ocrx_word' id='word_1_45' title='bbox 233 833 401 899; x_wconf 88' lang='lat' dir='ltr'><strong>dicendum,</strong></span> <span class='ocrx_word' id='word_1_46' title='bbox 419 834 465 887; x_wconf 91' lang='lat' dir='ltr'><strong>vel</strong></span> <span class='ocrx_word' id='word_1_47' title='bbox 476 850 545 887; x_wconf 88' lang='lat' dir='ltr'><strong>cuni</strong></span> <span class='ocrx_word' id='word_1_48' title='bbox 559 832 684 887; x_wconf 86' lang='lat' dir='ltr'><strong>dicendo</strong></span> <span class='ocrx_word' id='word_1_49' title='bbox 701 834 857 895; x_wconf 63' lang='lat' dir='ltr'><strong>traciana</strong></span> <span class='ocrx_word' id='word_1_50' title='bbox 867 848 982 901; x_wconf 76' lang='lat' dir='ltr'><strong>panem</strong></span> <span class='ocrx_word' id='word_1_51' title='bbox 995 848 1070 889; x_wconf 77' lang='lat' dir='ltr'><strong>esee</strong></span> <span class='ocrx_word' id='word_1_52' title='bbox 1082 834 1173 887; x_wconf 71' lang='lat' dir='ltr'><strong>«latuit</strong></span> 
     </span>
     <span class='ocr_line' id='line_1_7' title="bbox 112 920 1174 993; baseline 0.003 -19"><span class='ocrx_word' id='word_1_53' title='bbox 112 932 141 975; x_wconf 82' lang='lat' dir='ltr'><strong>et</strong></span> <span class='ocrx_word' id='word_1_54' title='bbox 157 938 267 993; x_wconf 80' lang='lat' dir='ltr'><strong>corpus</strong></span> <span class='ocrx_word' id='word_1_55' title='bbox 285 920 395 977; x_wconf 82' lang='lat' dir='ltr'><strong>Christi</strong></span> <span class='ocrx_word' id='word_1_56' title='bbox 412 922 590 993; x_wconf 80' lang='lat' dir='ltr'><strong>appellatum</strong></span> <span class='ocrx_word' id='word_1_57' title='bbox 606 933 741 978; x_wconf 78' lang='lat' dir='ltr'><strong>testatur.</strong></span> <span class='ocrx_word' id='word_1_58' title='bbox 776 920 820 975; x_wconf 91' lang='lat' dir='ltr'><strong>lut</strong></span> <span class='ocrx_word' id='word_1_59' title='bbox 832 932 934 976; x_wconf 82' lang='lat' dir='ltr'><strong>manet</strong></span> <span class='ocrx_word' id='word_1_60' title='bbox 952 922 1037 978; x_wconf 78' lang='lat' dir='ltr'><strong>nude</strong></span> <span class='ocrx_word' id='word_1_61' title='bbox 1056 922 1174 979; x_wconf 76' lang='grc' dir='ltr'>ειιιιιιιί.</span> 
     </span>
     <span class='ocr_line' id='line_1_8' title="bbox 110 1010 1172 1085; baseline 0.003 -19"><span class='ocrx_word' id='word_1_62' title='bbox 110 1010 147 1066; x_wconf 85' lang='lat' dir='ltr'><strong>lit</strong></span> <span class='ocrx_word' id='word_1_63' title='bbox 158 1011 294 1081; x_wconf 77' lang='lat' dir='ltr'><strong>cogitatio</strong></span> <span class='ocrx_word' id='word_1_64' title='bbox 306 1024 352 1065; x_wconf 90' lang='lat' dir='ltr'><strong>tua</strong></span> <span class='ocrx_word' id='word_1_65' title='bbox 365 1012 400 1066; x_wconf 90' lang='lat' dir='ltr'><strong>de</strong></span> <span class='ocrx_word' id='word_1_66' title='bbox 419 1012 573 1067; x_wconf 81' lang='lat' dir='ltr'><strong>intervallo</strong></span> <span class='ocrx_word' id='word_1_67' title='bbox 585 1013 730 1080; x_wconf 82' lang='lat' dir='ltr'><strong>temporis</strong></span> <span class='ocrx_word' id='word_1_68' title='bbox 747 1020 775 1067; x_wconf 85' lang='lat' dir='ltr'><strong>et</strong></span> <span class='ocrx_word' id='word_1_69' title='bbox 786 1010 930 1079; x_wconf 81' lang='lat' dir='ltr'><strong>dationis,</strong></span> <span class='ocrx_word' id='word_1_70' title='bbox 950 1028 1050 1085; x_wconf 85' lang='lat' dir='ltr'><strong>quatri</strong></span> <span class='ocrx_word' id='word_1_71' title='bbox 1067 1013 1100 1069; x_wconf 86' lang='lat' dir='ltr'><strong>iti</strong></span> <span class='ocrx_word' id='word_1_72' title='bbox 1116 1014 1172 1085; x_wconf 79' lang='lat' dir='ltr'><strong>ipttt</strong></span> 
     </span>
     <span class='ocr_line' id='line_1_9' title="bbox 111 1100 1171 1172; baseline 0.004 -17"><span class='ocrx_word' id='word_1_73' title='bbox 111 1100 219 1155; x_wconf 79' lang='lat' dir='ltr'><strong>factam</strong></span> <span class='ocrx_word' id='word_1_74' title='bbox 235 1100 330 1169; x_wconf 82' lang='lat' dir='ltr'><strong>fingis.</strong></span> <span class='ocrx_word' id='word_1_75' title='bbox 363 1100 443 1157; x_wconf 88' lang='lat' dir='ltr'><strong>Natu</strong></span> <span class='ocrx_word' id='word_1_76' title='bbox 455 1101 534 1171; x_wconf 83' lang='lat' dir='ltr'><strong>quod</strong></span> <span class='ocrx_word' id='word_1_77' title='bbox 553 1102 684 1172; x_wconf 78' lang='lat' dir='ltr'><strong>postulas</strong></span> <span class='ocrx_word' id='word_1_78' title='bbox 700 1100 753 1156; x_wconf 89' lang='lat' dir='ltr'><strong>tibi</strong></span> <span class='ocrx_word' id='word_1_79' title='bbox 769 1100 965 1171; x_wconf 79' lang='lat' dir='ltr'><strong>responderi,</strong></span> <span class='ocrx_word' id='word_1_80' title='bbox 983 1117 1023 1159; x_wconf 80' lang='grc' dir='ltr'><strong>ιιι</strong></span> <span class='ocrx_word' id='word_1_81' title='bbox 1037 1102 1171 1159; x_wconf 68' lang='lat' dir='ltr'><strong>elidant</strong></span> 
     </span>
     <span class='ocr_line' id='line_1_10' title="bbox 112 1189 1171 1265; baseline 0.004 -20"><span class='ocrx_word' id='word_1_82' title='bbox 112 1204 200 1245; x_wconf 81' lang='lat' dir='ltr'><strong>suum</strong></span> <span class='ocrx_word' id='word_1_83' title='bbox 218 1206 328 1260; x_wconf 83' lang='lat' dir='ltr'><strong>corpus</strong></span> <span class='ocrx_word' id='word_1_84' title='bbox 357 1189 487 1256; x_wconf 81' lang='lat' dir='ltr'><strong>dederit,</strong></span> <span class='ocrx_word' id='word_1_85' title='bbox 511 1199 666 1261; x_wconf 85' lang='lat' dir='ltr'><strong>antequam</strong></span> <span class='ocrx_word' id='word_1_86' title='bbox 687 1190 811 1261; x_wconf 84' lang='lat' dir='ltr'><strong>primani</strong></span> <span class='ocrx_word' id='word_1_87' title='bbox 834 1190 953 1245; x_wconf 79' lang='lat' dir='ltr'><strong>literam</strong></span> <span class='ocrx_word' id='word_1_88' title='bbox 978 1192 1171 1265; x_wconf 83' lang='lat' dir='ltr'><strong>eloquereiir</strong></span> 
     </span>
     <span class='ocr_line' id='line_1_11' title="bbox 110 1278 1169 1353; baseline 0.004 -20"><span class='ocrx_word' id='word_1_89' title='bbox 110 1278 202 1347; x_wconf 76' lang='lat' dir='ltr'><strong>hitJ&#39;ut</strong></span> <span class='ocrx_word' id='word_1_90' title='bbox 226 1280 382 1334; x_wconf 83' lang='lat' dir='ltr'><strong>orationis:</strong></span> <span class='ocrx_word' id='word_1_91' title='bbox 407 1281 478 1335; x_wconf 91' lang='lat' dir='ltr'><strong>Hoc</strong></span> <span class='ocrx_word' id='word_1_92' title='bbox 502 1286 549 1335; x_wconf 86' lang='lat' dir='ltr'><strong>est</strong></span> <span class='ocrx_word' id='word_1_93' title='bbox 568 1296 686 1353; x_wconf 81' lang='lat' dir='ltr'><strong>corpus</strong></span> <span class='ocrx_word' id='word_1_94' title='bbox 700 1296 820 1347; x_wconf 85' lang='lat' dir='ltr'><strong>meum,</strong></span> <span class='ocrx_word' id='word_1_95' title='bbox 843 1279 914 1351; x_wconf 88' lang='lat' dir='ltr'><strong>quid</strong></span> <span class='ocrx_word' id='word_1_96' title='bbox 940 1290 991 1335; x_wconf 76' lang='lat' dir='ltr'><strong>ert</strong></span> <span class='ocrx_word' id='word_1_97' title='bbox 1015 1282 1080 1339; x_wconf 72' lang='lat' dir='ltr'><strong>ttici</strong></span> <span class='ocrx_word' id='word_1_98' title='bbox 1097 1298 1169 1337; x_wconf 81' lang='lat' dir='ltr'><strong>mett</strong></span> 
     </span>
     <span class='ocr_line' id='line_1_12' title="bbox 111 1362 1203 1441; baseline 0 -18"><span class='ocrx_word' id='word_1_99' title='bbox 111 1369 208 1437; x_wconf 81' lang='lat' dir='ltr'><strong>captio</strong></span> <span class='ocrx_word' id='word_1_100' title='bbox 235 1380 265 1421; x_wconf 90' lang='lat' dir='ltr'><strong>ct</strong></span> <span class='ocrx_word' id='word_1_101' title='bbox 288 1368 430 1423; x_wconf 82' lang='lat' dir='ltr'><strong>insidiosa</strong></span> <span class='ocrx_word' id='word_1_102' title='bbox 455 1369 617 1422; x_wconf 80' lang='lat' dir='ltr'><strong>verborum</strong></span> <span class='ocrx_word' id='word_1_103' title='bbox 640 1368 752 1423; x_wconf 76' lang='lat' dir='ltr'><strong>christi</strong></span> <span class='ocrx_word' id='word_1_104' title='bbox 776 1368 945 1423; x_wconf 74' lang='lat' dir='ltr'><strong>cavillatio?</strong></span> <span class='ocrx_word' id='word_1_105' title='bbox 988 1368 1077 1425; x_wconf 81' lang='lat' dir='ltr'><strong>Nam</strong></span> <span class='ocrx_word' id='word_1_106' title='bbox 1100 1368 1167 1441; x_wconf 68' lang='lat' dir='ltr'><strong>fingo</strong></span> <span class='ocrx_word' id='word_1_107' title='bbox 1201 1362 1203 1391; x_wconf 74' lang='lat'><em>³</em></span> 
     </span>
     <span class='ocr_line' id='line_1_13' title="bbox 111 1457 1167 1529; baseline 0.006 -19"><span class='ocrx_word' id='word_1_108' title='bbox 111 1473 217 1527; x_wconf 89' lang='lat' dir='ltr'><strong>panem</strong></span> <span class='ocrx_word' id='word_1_109' title='bbox 242 1472 307 1511; x_wconf 83' lang='lat' dir='ltr'><strong>esse</strong></span> <span class='ocrx_word' id='word_1_110' title='bbox 334 1458 433 1513; x_wconf 85' lang='lat' dir='ltr'><strong>datum</strong></span> <span class='ocrx_word' id='word_1_111' title='bbox 450 1460 496 1511; x_wconf 85' lang='lat' dir='ltr'><strong>vel</strong></span> <span class='ocrx_word' id='word_1_112' title='bbox 522 1468 591 1529; x_wconf 76' lang='lat' dir='ltr'><strong>post</strong></span> <span class='ocrx_word' id='word_1_113' title='bbox 616 1458 780 1513; x_wconf 85' lang='lat' dir='ltr'><strong>orationem</strong></span> <span class='ocrx_word' id='word_1_114' title='bbox 801 1457 1001 1527; x_wconf 85' lang='lat' dir='ltr'><strong>completam,</strong></span> <span class='ocrx_word' id='word_1_115' title='bbox 1030 1460 1085 1515; x_wconf 82' lang='lat' dir='ltr'><strong>vel</strong></span> <span class='ocrx_word' id='word_1_116' title='bbox 1108 1472 1167 1515; x_wconf 79' lang='lat' dir='ltr'><strong>atttt</strong></span> 
     </span>
     <span class='ocr_line' id='line_1_14' title="bbox 111 1546 1165 1621; baseline 0.007 -20"><span class='ocrx_word' id='word_1_117' title='bbox 111 1546 274 1617; x_wconf 85' lang='lat' dir='ltr'><strong>inceptant:</strong></span> <span class='ocrx_word' id='word_1_118' title='bbox 293 1548 362 1619; x_wconf 88' lang='lat' dir='ltr'><strong>quid</strong></span> <span class='ocrx_word' id='word_1_119' title='bbox 379 1548 457 1615; x_wconf 93' lang='lat' dir='ltr'><strong>ltoc,</strong></span> <span class='ocrx_word' id='word_1_120' title='bbox 475 1564 606 1619; x_wconf 79' lang='lat' dir='ltr'><strong>quaeso,</strong></span> <span class='ocrx_word' id='word_1_121' title='bbox 624 1548 658 1601; x_wconf 88' lang='lat' dir='ltr'><strong>ad</strong></span> <span class='ocrx_word' id='word_1_122' title='bbox 677 1550 762 1603; x_wconf 79' lang='lat' dir='ltr'><strong>rein?</strong></span> <span class='ocrx_word' id='word_1_123' title='bbox 785 1558 834 1603; x_wconf 86' lang='lat' dir='ltr'><strong>tut</strong></span> <span class='ocrx_word' id='word_1_124' title='bbox 850 1546 920 1619; x_wconf 86' lang='lat' dir='ltr'><strong>quid</strong></span> <span class='ocrx_word' id='word_1_125' title='bbox 936 1546 1003 1603; x_wconf 88' lang='lat' dir='ltr'><strong>lioc</strong></span> <span class='ocrx_word' id='word_1_126' title='bbox 1020 1558 1055 1603; x_wconf 81' lang='lat' dir='ltr'><strong>te</strong></span> <span class='ocrx_word' id='word_1_127' title='bbox 1066 1550 1165 1621; x_wconf 66' lang='grc' dir='ltr'><strong>ιῙιιιιιιῐ</strong></span> 
     </span>
     <span class='ocr_line' id='line_1_15' title="bbox 111 1635 1163 1708; baseline 0.004 -17"><span class='ocrx_word' id='word_1_128' title='bbox 111 1652 182 1691; x_wconf 86' lang='lat' dir='ltr'><strong>curu</strong></span> <span class='ocrx_word' id='word_1_129' title='bbox 194 1637 375 1708; x_wconf 74' lang='lat' dir='ltr'><strong>participium</strong></span> <span class='ocrx_word' id='word_1_130' title='bbox 394 1638 527 1701; x_wconf 83' lang='lat' dir='ltr'><strong>(diccnst</strong></span> <span class='ocrx_word' id='word_1_131' title='bbox 539 1638 722 1695; x_wconf 80' lang='lat' dir='ltr'><strong>demonstret</strong></span> <span class='ocrx_word' id='word_1_132' title='bbox 739 1637 857 1693; x_wconf 86' lang='lat' dir='ltr'><strong>dantem</strong></span> <span class='ocrx_word' id='word_1_133' title='bbox 870 1635 1030 1693; x_wconf 77' lang='lat' dir='ltr'><strong>Christum</strong></span> <span class='ocrx_word' id='word_1_134' title='bbox 1042 1638 1163 1695; x_wconf 77' lang='lat' dir='ltr'><strong>dixitne:</strong></span> 
     </span>
     <span class='ocr_line' id='line_1_16' title="bbox 111 1726 1162 1805; baseline 0.003 -22"><span class='ocrx_word' id='word_1_135' title='bbox 111 1727 182 1783; x_wconf 90' lang='lat' dir='ltr'><strong>Hoc</strong></span> <span class='ocrx_word' id='word_1_136' title='bbox 199 1733 245 1781; x_wconf 78' lang='lat' dir='ltr'><strong>est</strong></span> <span class='ocrx_word' id='word_1_137' title='bbox 261 1743 378 1799; x_wconf 84' lang='lat' dir='ltr'><strong>corpus</strong></span> <span class='ocrx_word' id='word_1_138' title='bbox 394 1744 506 1781; x_wconf 73' lang='lat' dir='ltr'><strong>ritatem.</strong></span> <span class='ocrx_word' id='word_1_139' title='bbox 542 1728 628 1782; x_wconf 84' lang='lat' dir='ltr'><strong>Certe</strong></span> <span class='ocrx_word' id='word_1_140' title='bbox 646 1728 670 1781; x_wconf 88' lang='lat' dir='ltr'><strong>iti</strong></span> <span class='ocrx_word' id='word_1_141' title='bbox 690 1726 741 1781; x_wconf 91' lang='lat' dir='ltr'><strong>tibi</strong></span> <span class='ocrx_word' id='word_1_142' title='bbox 759 1738 878 1805; x_wconf 77' lang='lat' dir='ltr'><strong>centuni</strong></span> <span class='ocrx_word' id='word_1_143' title='bbox 893 1726 1031 1786; x_wconf 77' lang='lat' dir='ltr'><strong>llorenot</strong></span> <span class='ocrx_word' id='word_1_144' title='bbox 1050 1728 1162 1797; x_wconf 67' lang='lat' dir='ltr'><strong>mrem.</strong></span> 
     </span>
     <span class='ocr_line' id='line_1_17' title="bbox 110 1816 1162 1888; baseline 0 -13"><span class='ocrx_word' id='word_1_145' title='bbox 110 1817 184 1875; x_wconf 85' lang='lat' dir='ltr'><strong>nihil</strong></span> <span class='ocrx_word' id='word_1_146' title='bbox 201 1819 341 1882; x_wconf 80' lang='lat' dir='ltr'><strong>referret,</strong></span> <span class='ocrx_word' id='word_1_147' title='bbox 366 1818 430 1873; x_wconf 78' lang='lat' dir='ltr'><strong>eive</strong></span> <span class='ocrx_word' id='word_1_148' title='bbox 447 1828 516 1888; x_wconf 88' lang='lat' dir='ltr'><strong>post</strong></span> <span class='ocrx_word' id='word_1_149' title='bbox 534 1818 597 1873; x_wconf 83' lang='lat' dir='ltr'><strong>sive</strong></span> <span class='ocrx_word' id='word_1_150' title='bbox 614 1828 680 1873; x_wconf 85' lang='lat' dir='ltr'><strong>ttrite</strong></span> <span class='ocrx_word' id='word_1_151' title='bbox 701 1817 846 1871; x_wconf 88' lang='lat' dir='ltr'><strong>dationem</strong></span> <span class='ocrx_word' id='word_1_152' title='bbox 871 1816 916 1872; x_wconf 83' lang='lat' dir='ltr'><strong>sic</strong></span> <span class='ocrx_word' id='word_1_153' title='bbox 934 1816 1093 1877; x_wconf 82' lang='lat' dir='ltr'><strong>dicerem:</strong></span> <span class='ocrx_word' id='word_1_154' title='bbox 1113 1818 1162 1875; x_wconf 79' lang='lat' dir='ltr'><strong>tue</strong></span> 
     </span>
     <span class='ocr_line' id='line_1_18' title="bbox 111 1906 1162 1981; baseline -0.003 -18"><span class='ocrx_word' id='word_1_155' title='bbox 111 1917 181 1963; x_wconf 83' lang='lat' dir='ltr'><strong>sunt</strong></span> <span class='ocrx_word' id='word_1_156' title='bbox 199 1912 246 1959; x_wconf 87' lang='lat'><strong>100</strong></span> <span class='ocrx_word' id='word_1_157' title='bbox 262 1908 291 1963; x_wconf 91' lang='lat' dir='ltr'><strong>ll.</strong></span> <span class='ocrx_word' id='word_1_158' title='bbox 325 1908 504 1981; x_wconf 78' lang='lat' dir='ltr'><strong>Quanquam</strong></span> <span class='ocrx_word' id='word_1_159' title='bbox 522 1919 624 1961; x_wconf 83' lang='lat' dir='ltr'><strong>natura</strong></span> <span class='ocrx_word' id='word_1_160' title='bbox 649 1906 714 1961; x_wconf 87' lang='lat' dir='ltr'><strong>lacti</strong></span> <span class='ocrx_word' id='word_1_161' title='bbox 738 1918 769 1961; x_wconf 89' lang='lat' dir='ltr'><strong>et</strong></span> <span class='ocrx_word' id='word_1_162' title='bbox 786 1906 913 1961; x_wconf 71' lang='lat' dir='ltr'><strong>namatio</strong></span> <span class='ocrx_word' id='word_1_163' title='bbox 935 1906 1089 1963; x_wconf 74' lang='lat' dir='ltr'><strong>historiae</strong></span> <span class='ocrx_word' id='word_1_164' title='bbox 1104 1926 1162 1981; x_wconf 83' lang='lat' dir='ltr'><strong>per.</strong></span> 
     </span>
     <span class='ocr_line' id='line_1_19' title="bbox 111 1994 1159 2069; baseline 0.002 -17"><span class='ocrx_word' id='word_1_165' title='bbox 111 1998 248 2065; x_wconf 74' lang='lat' dir='ltr'><strong>suadeat,</strong></span> <span class='ocrx_word' id='word_1_166' title='bbox 266 1998 335 2051; x_wconf 89' lang='lat' dir='ltr'><strong>dare</strong></span> <span class='ocrx_word' id='word_1_167' title='bbox 354 2006 383 2053; x_wconf 88' lang='lat' dir='ltr'><strong>et</strong></span> <span class='ocrx_word' id='word_1_168' title='bbox 399 1998 499 2051; x_wconf 85' lang='lat' dir='ltr'><strong>dicere</strong></span> <span class='ocrx_word' id='word_1_169' title='bbox 517 1997 605 2051; x_wconf 83' lang='lat' dir='ltr'><strong>simul</strong></span> <span class='ocrx_word' id='word_1_170' title='bbox 623 1998 733 2061; x_wconf 81' lang='lat' dir='ltr'><strong>luisse,</strong></span> <span class='ocrx_word' id='word_1_171' title='bbox 757 2005 787 2049; x_wconf 90' lang='lat' dir='ltr'><strong>ut</strong></span> <span class='ocrx_word' id='word_1_172' title='bbox 803 1996 891 2051; x_wconf 82' lang='lat' dir='ltr'><strong>simul</strong></span> <span class='ocrx_word' id='word_1_173' title='bbox 907 1994 1027 2052; x_wconf 84' lang='lat' dir='ltr'><strong>dederit</strong></span> <span class='ocrx_word' id='word_1_174' title='bbox 1043 2012 1159 2069; x_wconf 81' lang='lat' dir='ltr'><strong>panem.</strong></span> 
     </span>
     <span class='ocr_line' id='line_1_20' title="bbox 111 2084 1160 2159; baseline -0.002 -16"><span class='ocrx_word' id='word_1_175' title='bbox 111 2099 141 2143; x_wconf 86' lang='lat' dir='ltr'><strong>et</strong></span> <span class='ocrx_word' id='word_1_176' title='bbox 164 2089 250 2144; x_wconf 81' lang='lat' dir='ltr'><strong>timul</strong></span> <span class='ocrx_word' id='word_1_177' title='bbox 278 2088 399 2143; x_wconf 85' lang='lat' dir='ltr'><strong>dixerit:</strong></span> <span class='ocrx_word' id='word_1_178' title='bbox 422 2088 493 2141; x_wconf 88' lang='lat' dir='ltr'><strong>Hoc</strong></span> <span class='ocrx_word' id='word_1_179' title='bbox 518 2094 565 2141; x_wconf 81' lang='lat' dir='ltr'><strong>est</strong></span> <span class='ocrx_word' id='word_1_180' title='bbox 586 2102 704 2159; x_wconf 81' lang='lat' dir='ltr'><strong>corpur</strong></span> <span class='ocrx_word' id='word_1_181' title='bbox 719 2102 832 2141; x_wconf 76' lang='lat' dir='ltr'><strong>inrum.</strong></span> <span class='ocrx_word' id='word_1_182' title='bbox 866 2084 945 2141; x_wconf 77' lang='lat' dir='ltr'><strong>Natu</strong></span> <span class='ocrx_word' id='word_1_183' title='bbox 971 2084 1018 2141; x_wconf 75' lang='lat' dir='ltr'><strong>sio</strong></span> <span class='ocrx_word' id='word_1_184' title='bbox 1034 2088 1160 2145; x_wconf 78' lang='lat' dir='ltr'><strong>soletltt</strong></span> 
     </span>
     <span class='ocr_line' id='line_1_21' title="bbox 112 2174 1160 2249; baseline -0.002 -16"><span class='ocrx_word' id='word_1_185' title='bbox 112 2180 192 2233; x_wconf 87' lang='lat' dir='ltr'><strong>omui</strong></span> <span class='ocrx_word' id='word_1_186' title='bbox 210 2178 325 2232; x_wconf 89' lang='lat' dir='ltr'><strong>actione</strong></span> <span class='ocrx_word' id='word_1_187' title='bbox 344 2176 422 2245; x_wconf 89' lang='lat' dir='ltr'><strong>fieri,</strong></span> <span class='ocrx_word' id='word_1_188' title='bbox 448 2188 479 2231; x_wconf 87' lang='lat' dir='ltr'><strong>ut</strong></span> <span class='ocrx_word' id='word_1_189' title='bbox 495 2178 580 2232; x_wconf 91' lang='lat' dir='ltr'><strong>dator</strong></span> <span class='ocrx_word' id='word_1_190' title='bbox 597 2176 683 2231; x_wconf 85' lang='lat' dir='ltr'><strong>sitnul</strong></span> <span class='ocrx_word' id='word_1_191' title='bbox 702 2178 750 2231; x_wconf 85' lang='lat' dir='ltr'><strong>det</strong></span> <span class='ocrx_word' id='word_1_192' title='bbox 775 2184 805 2230; x_wconf 87' lang='lat' dir='ltr'><strong>et</strong></span> <span class='ocrx_word' id='word_1_193' title='bbox 822 2176 898 2229; x_wconf 86' lang='lat' dir='ltr'><strong>dicat</strong></span> <span class='ocrx_word' id='word_1_194' title='bbox 915 2190 971 2231; x_wconf 80' lang='lat' dir='ltr'><strong>seit</strong></span> <span class='ocrx_word' id='word_1_195' title='bbox 989 2178 1122 2249; x_wconf 82' lang='lat' dir='ltr'><strong>appellet</strong></span> <span class='ocrx_word' id='word_1_196' title='bbox 1135 2174 1160 2231; x_wconf 90' lang='lat' dir='ltr'><strong>il</strong></span> 
     </span>
     <span class='ocr_line' id='line_1_22' title="bbox 111 2264 1159 2338; baseline 0.004 -19"><span class='ocrx_word' id='word_1_197' title='bbox 111 2267 191 2338; x_wconf 89' lang='lat' dir='ltr'><strong>quod</strong></span> <span class='ocrx_word' id='word_1_198' title='bbox 209 2267 265 2321; x_wconf 91' lang='lat' dir='ltr'><strong>dat.</strong></span> <span class='ocrx_word' id='word_1_199' title='bbox 298 2266 365 2321; x_wconf 81' lang='lat' dir='ltr'><strong>Nisi</strong></span> <span class='ocrx_word' id='word_1_200' title='bbox 383 2268 459 2320; x_wconf 81' lang='lat' dir='ltr'><strong>sui-te</strong></span> <span class='ocrx_word' id='word_1_201' title='bbox 477 2267 555 2320; x_wconf 82' lang='lat' dir='ltr'><strong>illurn</strong></span> <span class='ocrx_word' id='word_1_202' title='bbox 566 2264 697 2319; x_wconf 87' lang='lat' dir='ltr'><strong>vetulam</strong></span> <span class='ocrx_word' id='word_1_203' title='bbox 707 2265 913 2336; x_wconf 85' lang='lat' dir='ltr'><strong>quaestionem</strong></span> <span class='ocrx_word' id='word_1_204' title='bbox 930 2264 1022 2321; x_wconf 81' lang='lat' dir='ltr'><strong>nobiti</strong></span> <span class='ocrx_word' id='word_1_205' title='bbox 1040 2278 1159 2323; x_wconf 73' lang='lat' dir='ltr'><strong>revocat</strong></span> 
     </span>
     <span class='ocr_line' id='line_1_23' title="bbox 113 2354 1157 2426; baseline 0 -17"><span class='ocrx_word' id='word_1_206' title='bbox 113 2356 149 2409; x_wconf 86' lang='lat' dir='ltr'><strong>de</strong></span> <span class='ocrx_word' id='word_1_207' title='bbox 169 2357 281 2409; x_wconf 82' lang='lat' dir='ltr'><strong>instanti</strong></span> <span class='ocrx_word' id='word_1_208' title='bbox 299 2354 549 2419; x_wconf 84' lang='lat' dir='ltr'><strong>consecrationis,</strong></span> <span class='ocrx_word' id='word_1_209' title='bbox 576 2354 625 2407; x_wconf 92' lang='lat' dir='ltr'><strong>ubi</strong></span> <span class='ocrx_word' id='word_1_210' title='bbox 643 2354 779 2425; x_wconf 87' lang='lat' dir='ltr'><strong>Papistae</strong></span> <span class='ocrx_word' id='word_1_211' title='bbox 796 2355 920 2421; x_wconf 87' lang='lat' dir='ltr'><strong>docent,</strong></span> <span class='ocrx_word' id='word_1_212' title='bbox 942 2369 1015 2426; x_wconf 85' lang='lat' dir='ltr'><strong>post</strong></span> <span class='ocrx_word' id='word_1_213' title='bbox 1031 2356 1157 2411; x_wconf 86' lang='lat' dir='ltr'><strong>ultimant</strong></span> 
     </span>
     <span class='ocr_line' id='line_1_24' title="bbox 112 2443 1158 2515; baseline 0 -16"><span class='ocrx_word' id='word_1_214' title='bbox 112 2446 253 2515; x_wconf 78' lang='lat' dir='ltr'><strong>syllabarii</strong></span> <span class='ocrx_word' id='word_1_215' title='bbox 272 2446 375 2499; x_wconf 79' lang='lat' dir='ltr'><strong>adesse</strong></span> <span class='ocrx_word' id='word_1_216' title='bbox 393 2461 502 2515; x_wconf 85' lang='lat' dir='ltr'><strong>corpus</strong></span> <span class='ocrx_word' id='word_1_217' title='bbox 519 2444 625 2497; x_wconf 75' lang='lat' dir='ltr'><strong>Christi</strong></span> <span class='ocrx_word' id='word_1_218' title='bbox 644 2454 673 2497; x_wconf 83' lang='lat' dir='ltr'><strong>ot</strong></span> <span class='ocrx_word' id='word_1_219' title='bbox 690 2461 750 2497; x_wconf 89' lang='lat' dir='ltr'><strong>nun</strong></span> <span class='ocrx_word' id='word_1_220' title='bbox 767 2456 843 2497; x_wconf 85' lang='lat' dir='ltr'><strong>ante.</strong></span> <span class='ocrx_word' id='word_1_221' title='bbox 876 2443 944 2499; x_wconf 86' lang='lat' dir='ltr'><strong>Nos</strong></span> <span class='ocrx_word' id='word_1_222' title='bbox 962 2444 1037 2499; x_wconf 83' lang='lat' dir='ltr'><strong>istas</strong></span> <span class='ocrx_word' id='word_1_223' title='bbox 1056 2446 1158 2515; x_wconf 77' lang='lat' dir='ltr'><strong>cogite.</strong></span> 
     </span>
     <span class='ocr_line' id='line_1_25' title="bbox 111 2534 1157 2601; baseline 0 -12"><span class='ocrx_word' id='word_1_224' title='bbox 111 2534 209 2589; x_wconf 81' lang='lat' dir='ltr'><strong>tiones</strong></span> <span class='ocrx_word' id='word_1_225' title='bbox 236 2535 469 2601; x_wconf 82' lang='lat' dir='ltr'><strong>tuntetnniiutts,</strong></span> <span class='ocrx_word' id='word_1_226' title='bbox 499 2546 528 2588; x_wconf 86' lang='lat' dir='ltr'><strong>rt</strong></span> <span class='ocrx_word' id='word_1_227' title='bbox 552 2535 623 2587; x_wconf 87' lang='lat' dir='ltr'><strong>Deo</strong></span> <span class='ocrx_word' id='word_1_228' title='bbox 652 2552 712 2588; x_wconf 87' lang='lat' dir='ltr'><strong>nuit</strong></span> <span class='ocrx_word' id='word_1_229' title='bbox 740 2534 924 2601; x_wconf 79' lang='lat' dir='ltr'><strong>designamus</strong></span> <span class='ocrx_word' id='word_1_230' title='bbox 949 2534 1092 2591; x_wconf 77' lang='lat' dir='ltr'><strong>instantio</strong></span> <span class='ocrx_word' id='word_1_231' title='bbox 1115 2542 1157 2589; x_wconf 84' lang='lat' dir='ltr'><strong>titt</strong></span> 
     </span>
     <span class='ocr_line' id='line_1_26' title="bbox 110 2623 1157 2697; baseline 0.002 -20"><span class='ocrx_word' id='word_1_232' title='bbox 110 2634 261 2694; x_wconf 83' lang='lat' dir='ltr'><strong>tempora,</strong></span> <span class='ocrx_word' id='word_1_233' title='bbox 281 2624 410 2678; x_wconf 84' lang='lat' dir='ltr'><strong>contenti</strong></span> <span class='ocrx_word' id='word_1_234' title='bbox 429 2624 600 2693; x_wconf 80' lang='lat' dir='ltr'><strong>simpliciter</strong></span> <span class='ocrx_word' id='word_1_235' title='bbox 616 2624 756 2690; x_wconf 88' lang='lat' dir='ltr'><strong>credere,</strong></span> <span class='ocrx_word' id='word_1_236' title='bbox 776 2624 803 2675; x_wconf 92' lang='lat' dir='ltr'><strong>id</strong></span> <span class='ocrx_word' id='word_1_237' title='bbox 820 2623 881 2677; x_wconf 86' lang='lat' dir='ltr'><strong>sieri</strong></span> <span class='ocrx_word' id='word_1_238' title='bbox 898 2635 1003 2691; x_wconf 89' lang='lat' dir='ltr'><strong>certo,</strong></span> <span class='ocrx_word' id='word_1_239' title='bbox 1021 2624 1157 2697; x_wconf 81' lang='lat' dir='ltr'><strong>quidquid</strong></span> 
     </span>
     <span class='ocr_line' id='line_1_27' title="bbox 109 2714 1157 2783; baseline 0.002 -14"><span class='ocrx_word' id='word_1_240' title='bbox 109 2714 196 2769; x_wconf 80' lang='lat' dir='ltr'><strong>Deus</strong></span> <span class='ocrx_word' id='word_1_241' title='bbox 225 2715 286 2767; x_wconf 75' lang='lat' dir='ltr'><strong>lieri</strong></span> <span class='ocrx_word' id='word_1_242' title='bbox 313 2726 360 2768; x_wconf 88' lang='lat' dir='ltr'><strong>aut</strong></span> <span class='ocrx_word' id='word_1_243' title='bbox 378 2730 442 2769; x_wconf 82' lang='lat' dir='ltr'><strong>csse</strong></span> <span class='ocrx_word' id='word_1_244' title='bbox 464 2714 581 2769; x_wconf 72' lang='lat' dir='ltr'><strong>dixerit.</strong></span> <span class='ocrx_word' id='word_1_245' title='bbox 616 2714 720 2783; x_wconf 75' lang='lat' dir='ltr'><strong>Neque</strong></span> <span class='ocrx_word' id='word_1_246' title='bbox 748 2714 825 2766; x_wconf 87' lang='lat' dir='ltr'><strong>enim</strong></span> <span class='ocrx_word' id='word_1_247' title='bbox 852 2728 907 2767; x_wconf 83' lang='lat' dir='ltr'><strong>uos</strong></span> <span class='ocrx_word' id='word_1_248' title='bbox 932 2714 1157 2781; x_wconf 77' lang='lat' dir='ltr'><strong>contundimus,</strong></span> 
     </span>
     <span class='ocr_line' id='line_1_28' title="bbox 110 2802 1157 2874; baseline 0.004 -19"><span class='ocrx_word' id='word_1_249' title='bbox 110 2821 170 2874; x_wconf 90' lang='lat' dir='ltr'><strong>quo</strong></span> <span class='ocrx_word' id='word_1_250' title='bbox 195 2806 319 2857; x_wconf 79' lang='lat' dir='ltr'><strong>institute</strong></span> <span class='ocrx_word' id='word_1_251' title='bbox 351 2806 487 2871; x_wconf 79' lang='lat' dir='ltr'><strong>leprosus</strong></span> <span class='ocrx_word' id='word_1_252' title='bbox 514 2804 552 2857; x_wconf 85' lang='lat' dir='ltr'><strong>sit</strong></span> <span class='ocrx_word' id='word_1_253' title='bbox 577 2804 751 2869; x_wconf 87' lang='lat' dir='ltr'><strong>inundatus,</strong></span> <span class='ocrx_word' id='word_1_254' title='bbox 780 2803 897 2873; x_wconf 89' lang='lat' dir='ltr'><strong>quando</strong></span> <span class='ocrx_word' id='word_1_255' title='bbox 922 2802 1066 2859; x_wconf 80' lang='lat' dir='ltr'><strong>Christus</strong></span> <span class='ocrx_word' id='word_1_256' title='bbox 1092 2806 1157 2861; x_wconf 84' lang='lat' dir='ltr'><strong>dixit</strong></span> 
     </span>
     <span class='ocr_line' id='line_1_29' title="bbox 108 2892 1156 2961; baseline -0.001 -10"><span class='ocrx_word' id='word_1_257' title='bbox 108 2894 256 2951; x_wconf 85' lang='lat' dir='ltr'><strong>Matthaei</strong></span> <span class='ocrx_word' id='word_1_258' title='bbox 273 2895 356 2948; x_wconf 89' lang='lat' dir='ltr'><strong>llll:</strong></span> <span class='ocrx_word' id='word_1_259' title='bbox 377 2894 470 2961; x_wconf 86' lang='lat' dir='ltr'><strong>l&#39;ulo,</strong></span> <span class='ocrx_word' id='word_1_260' title='bbox 486 2893 623 2947; x_wconf 75' lang='lat' dir='ltr'><strong>intardus</strong></span> <span class='ocrx_word' id='word_1_261' title='bbox 634 2899 708 2946; x_wconf 81' lang='lat' dir='ltr'><strong>esto.</strong></span> <span class='ocrx_word' id='word_1_262' title='bbox 743 2894 798 2946; x_wconf 84' lang='lat' dir='ltr'><strong>Scd</strong></span> <span class='ocrx_word' id='word_1_263' title='bbox 813 2892 883 2947; x_wconf 86' lang='lat' dir='ltr'><strong>sutis</strong></span> <span class='ocrx_word' id='word_1_264' title='bbox 896 2904 953 2959; x_wconf 81' lang='lat' dir='ltr'><strong>est,</strong></span> <span class='ocrx_word' id='word_1_265' title='bbox 971 2910 1029 2947; x_wconf 85' lang='lat' dir='ltr'><strong>nos</strong></span> <span class='ocrx_word' id='word_1_266' title='bbox 1040 2897 1156 2950; x_wconf 83' lang='lat' dir='ltr'><strong>credere</strong></span> 
     </span>
     <span class='ocr_line' id='line_1_30' title="bbox 110 2981 1157 3047; baseline 0 -8"><span class='ocrx_word' id='word_1_267' title='bbox 110 2986 190 3047; x_wconf 86' lang='lat' dir='ltr'><strong>illum</strong></span> <span class='ocrx_word' id='word_1_268' title='bbox 205 2986 294 3039; x_wconf 76' lang='lat' dir='ltr'><strong>luisse</strong></span> <span class='ocrx_word' id='word_1_269' title='bbox 307 2985 448 3038; x_wconf 87' lang='lat' dir='ltr'><strong>iuuudutn</strong></span> <span class='ocrx_word' id='word_1_270' title='bbox 463 2988 588 3046; x_wconf 80' lang='lat' dir='ltr'><strong>tactum,</strong></span> <span class='ocrx_word' id='word_1_271' title='bbox 606 2983 683 3035; x_wconf 86' lang='lat' dir='ltr'><strong>sicut</strong></span> <span class='ocrx_word' id='word_1_272' title='bbox 697 2981 834 3035; x_wconf 85' lang='lat' dir='ltr'><strong>Christus</strong></span> <span class='ocrx_word' id='word_1_273' title='bbox 847 2983 969 3036; x_wconf 83' lang='lat' dir='ltr'><strong>dixerat.</strong></span> <span class='ocrx_word' id='word_1_274' title='bbox 1006 2984 1057 3039; x_wconf 87' lang='lat' dir='ltr'><strong>Sic</strong></span> <span class='ocrx_word' id='word_1_275' title='bbox 1072 2985 1157 3039; x_wconf 85' lang='lat' dir='ltr'><strong>filium</strong></span> 
     </span>
     <span class='ocr_line' id='line_1_31' title="bbox 108 3071 1158 3143; baseline -0.006 -14"><span class='ocrx_word' id='word_1_276' title='bbox 108 3076 216 3143; x_wconf 81' lang='lat' dir='ltr'><strong>Reguli</strong></span> <span class='ocrx_word' id='word_1_277' title='bbox 233 3075 359 3129; x_wconf 79' lang='lat' dir='ltr'><strong>doanitis</strong></span> <span class='ocrx_word' id='word_1_278' title='bbox 378 3088 484 3143; x_wconf 82' lang='lat' dir='ltr'><strong>‹putrto</strong></span> <span class='ocrx_word' id='word_1_279' title='bbox 502 3072 650 3125; x_wconf 81' lang='lat' dir='ltr'><strong>credimus</strong></span> <span class='ocrx_word' id='word_1_280' title='bbox 668 3084 819 3137; x_wconf 84' lang='lat' dir='ltr'><strong>sauatutu,</strong></span> <span class='ocrx_word' id='word_1_281' title='bbox 838 3071 914 3125; x_wconf 85' lang='lat' dir='ltr'><strong>sicut</strong></span> <span class='ocrx_word' id='word_1_282' title='bbox 928 3071 1068 3129; x_wconf 85' lang='lat' dir='ltr'><strong>Christus</strong></span> <span class='ocrx_word' id='word_1_283' title='bbox 1080 3075 1158 3129; x_wconf 87' lang='lat' dir='ltr'><strong>dixe.</strong></span> 
     </span>
     <span class='ocr_line' id='line_1_32' title="bbox 110 3162 1156 3232; baseline -0.002 -11"><span class='ocrx_word' id='word_1_284' title='bbox 110 3178 172 3231; x_wconf 79' lang='lat' dir='ltr'><strong>rat:</strong></span> <span class='ocrx_word' id='word_1_285' title='bbox 192 3166 300 3232; x_wconf 85' lang='lat' dir='ltr'><strong>Vnde,</strong></span> <span class='ocrx_word' id='word_1_286' title='bbox 309 3164 406 3230; x_wconf 81' lang='lat' dir='ltr'><strong>silius</strong></span> <span class='ocrx_word' id='word_1_287' title='bbox 422 3171 495 3217; x_wconf 83' lang='lat' dir='ltr'><strong>titus</strong></span> <span class='ocrx_word' id='word_1_288' title='bbox 512 3162 595 3227; x_wconf 76' lang='lat' dir='ltr'><strong>rit-it,</strong></span> <span class='ocrx_word' id='word_1_289' title='bbox 614 3179 672 3215; x_wconf 90' lang='lat' dir='ltr'><strong>nun</strong></span> <span class='ocrx_word' id='word_1_290' title='bbox 686 3162 809 3224; x_wconf 84' lang='lat' dir='ltr'><strong>curiosi,</strong></span> <span class='ocrx_word' id='word_1_291' title='bbox 826 3178 885 3230; x_wconf 88' lang='lat' dir='ltr'><strong>quo</strong></span> <span class='ocrx_word' id='word_1_292' title='bbox 898 3162 1079 3231; x_wconf 77' lang='lat' dir='ltr'><strong>syllabarum</strong></span> <span class='ocrx_word' id='word_1_293' title='bbox 1090 3178 1156 3219; x_wconf 84' lang='lat' dir='ltr'><strong>tent.</strong></span> 
     </span>
     <span class='ocr_line' id='line_1_33' title="bbox 109 3251 1156 3327; baseline -0.004 -18"><span class='ocrx_word' id='word_1_294' title='bbox 109 3273 183 3327; x_wconf 86' lang='lat' dir='ltr'><strong>porc</strong></span> <span class='ocrx_word' id='word_1_295' title='bbox 202 3266 249 3309; x_wconf 88' lang='lat' dir='ltr'><strong>aut</strong></span> <span class='ocrx_word' id='word_1_296' title='bbox 267 3255 378 3308; x_wconf 85' lang='lat' dir='ltr'><strong>instanti</strong></span> <span class='ocrx_word' id='word_1_297' title='bbox 396 3256 503 3305; x_wconf 85' lang='lat' dir='ltr'><strong>lactum</strong></span> <span class='ocrx_word' id='word_1_298' title='bbox 521 3253 569 3305; x_wconf 80' lang='lat' dir='ltr'><strong>sit.</strong></span> <span class='ocrx_word' id='word_1_299' title='bbox 604 3251 642 3305; x_wconf 86' lang='lat' dir='ltr'><strong>Et</strong></span> <span class='ocrx_word' id='word_1_300' title='bbox 661 3252 804 3305; x_wconf 82' lang='lat' dir='ltr'><strong>lazarum</strong></span> <span class='ocrx_word' id='word_1_301' title='bbox 824 3252 988 3317; x_wconf 81' lang='lat' dir='ltr'><strong>revixisse,</strong></span> <span class='ocrx_word' id='word_1_302' title='bbox 1006 3255 1156 3309; x_wconf 84' lang='lat' dir='ltr'><strong>sicutver.</strong></span> 
     </span>
     <span class='ocr_line' id='line_1_34' title="bbox 109 3340 1155 3417; baseline -0.002 -17"><span class='ocrx_word' id='word_1_303' title='bbox 109 3347 181 3400; x_wconf 90' lang='lat' dir='ltr'><strong>bunt</strong></span> <span class='ocrx_word' id='word_1_304' title='bbox 198 3346 307 3399; x_wconf 75' lang='lat' dir='ltr'><strong>Christi</strong></span> <span class='ocrx_word' id='word_1_305' title='bbox 326 3355 423 3397; x_wconf 85' lang='lat' dir='ltr'><strong>sonat:</strong></span> <span class='ocrx_word' id='word_1_306' title='bbox 448 3342 597 3409; x_wconf 82' lang='lat' dir='ltr'><strong>Luzure,</strong></span> <span class='ocrx_word' id='word_1_307' title='bbox 614 3340 809 3409; x_wconf 67' lang='lat' dir='ltr'><strong>terrisonus,</strong></span> <span class='ocrx_word' id='word_1_308' title='bbox 826 3342 930 3395; x_wconf 79' lang='lat' dir='ltr'><strong>otiosis</strong></span> <span class='ocrx_word' id='word_1_309' title='bbox 948 3352 976 3395; x_wconf 89' lang='lat' dir='ltr'><strong>et</strong></span> <span class='ocrx_word' id='word_1_310' title='bbox 994 3346 1155 3417; x_wconf 82' lang='lat' dir='ltr'><strong>vairiloquiit</strong></span> 
     </span>
     <span class='ocr_line' id='line_1_35' title="bbox 109 3430 1155 3517; baseline -0.006 -26"><span class='ocrx_word' id='word_1_311' title='bbox 109 3436 321 3505; x_wconf 81' lang='lat' dir='ltr'><strong>relinquimus,</strong></span> <span class='ocrx_word' id='word_1_312' title='bbox 340 3450 374 3486; x_wconf 92' lang='lat' dir='ltr'><strong>au</strong></span> <span class='ocrx_word' id='word_1_313' title='bbox 387 3431 441 3485; x_wconf 83' lang='lat' dir='ltr'><strong>sub</strong></span> <span class='ocrx_word' id='word_1_314' title='bbox 454 3449 548 3498; x_wconf 90' lang='lat' dir='ltr'><strong>voce,</strong></span> <span class='ocrx_word' id='word_1_315' title='bbox 566 3430 761 3499; x_wconf 79' lang='lat' dir='ltr'><strong>reitisorus,</strong></span> <span class='ocrx_word' id='word_1_316' title='bbox 778 3431 824 3483; x_wconf 80' lang='lat' dir='ltr'><strong>val</strong></span> <span class='ocrx_word' id='word_1_317' title='bbox 837 3430 988 3491; x_wconf 80' lang='lat' dir='ltr'><strong>Luzure,</strong></span> <span class='ocrx_word' id='word_1_318' title='bbox 1007 3434 1155 3517; x_wconf 59' lang='lat' dir='ltr'><strong>revixerit,</strong></span> 
     </span>
     <span class='ocr_line' id='line_1_36' title="bbox 109 3520 1155 3591; baseline -0.003 -11"><span class='ocrx_word' id='word_1_319' title='bbox 109 3540 138 3580; x_wconf 89' lang='lat' dir='ltr'><strong>et</strong></span> <span class='ocrx_word' id='word_1_320' title='bbox 156 3527 220 3581; x_wconf 87' lang='lat' dir='ltr'><strong>talia</strong></span> <span class='ocrx_word' id='word_1_321' title='bbox 238 3525 337 3577; x_wconf 88' lang='lat' dir='ltr'><strong>niulta.</strong></span> <span class='ocrx_word' id='word_1_322' title='bbox 373 3523 420 3576; x_wconf 81' lang='lat' dir='ltr'><strong>Sic</strong></span> <span class='ocrx_word' id='word_1_323' title='bbox 439 3522 534 3576; x_wconf 84' lang='lat' dir='ltr'><strong>ethic</strong></span> <span class='ocrx_word' id='word_1_324' title='bbox 552 3537 655 3590; x_wconf 83' lang='lat' dir='ltr'><strong>panem</strong></span> <span class='ocrx_word' id='word_1_325' title='bbox 674 3538 739 3573; x_wconf 82' lang='lat' dir='ltr'><strong>csse</strong></span> <span class='ocrx_word' id='word_1_326' title='bbox 759 3538 869 3591; x_wconf 78' lang='lat' dir='ltr'><strong>corpus</strong></span> <span class='ocrx_word' id='word_1_327' title='bbox 884 3520 992 3576; x_wconf 81' lang='lat' dir='ltr'><strong>Christi</strong></span> <span class='ocrx_word' id='word_1_328' title='bbox 1012 3523 1138 3577; x_wconf 82' lang='lat' dir='ltr'><strong>dicimus</strong></span> <span class='ocrx_word' id='word_1_329' title='bbox 1145 3560 1155 3591; x_wconf 95' lang='lat'><strong>,</strong></span> 
     </span>
     <span class='ocr_line' id='line_1_37' title="bbox 109 3608 1155 3685; baseline 0.001 -17"><span class='ocrx_word' id='word_1_330' title='bbox 109 3617 175 3685; x_wconf 88' lang='lat' dir='ltr'><strong>quia</strong></span> <span class='ocrx_word' id='word_1_331' title='bbox 203 3614 340 3668; x_wconf 82' lang='lat' dir='ltr'><strong>Christus</strong></span> <span class='ocrx_word' id='word_1_332' title='bbox 364 3612 449 3665; x_wconf 89' lang='lat' dir='ltr'><strong>dicit:</strong></span> <span class='ocrx_word' id='word_1_333' title='bbox 479 3612 548 3664; x_wconf 71' lang='lat' dir='ltr'><strong>Ilua</strong></span> <span class='ocrx_word' id='word_1_334' title='bbox 566 3618 611 3663; x_wconf 81' lang='lat' dir='ltr'><strong>est</strong></span> <span class='ocrx_word' id='word_1_335' title='bbox 629 3610 750 3679; x_wconf 83' lang='lat' dir='ltr'><strong>Corpus</strong></span> <span class='ocrx_word' id='word_1_336' title='bbox 767 3626 886 3675; x_wconf 85' lang='lat' dir='ltr'><strong>ittetmi,</strong></span> <span class='ocrx_word' id='word_1_337' title='bbox 912 3608 973 3663; x_wconf 83' lang='lat' dir='ltr'><strong>aliis</strong></span> <span class='ocrx_word' id='word_1_338' title='bbox 996 3608 1155 3681; x_wconf 69' lang='grc' dir='ltr'><strong>λιγομᾶχικ</strong></span> 
     </span>
     <span class='ocr_line' id='line_1_38' title="bbox 109 3697 1154 3768; baseline -0.005 -10"><span class='ocrx_word' id='word_1_339' title='bbox 109 3704 327 3768; x_wconf 84' lang='lat' dir='ltr'><strong>concedentes,</strong></span> <span class='ocrx_word' id='word_1_340' title='bbox 355 3715 385 3753; x_wconf 89' lang='lat' dir='ltr'><strong>ut</strong></span> <span class='ocrx_word' id='word_1_341' title='bbox 409 3700 444 3753; x_wconf 87' lang='lat' dir='ltr'><strong>de</strong></span> <span class='ocrx_word' id='word_1_342' title='bbox 472 3698 645 3753; x_wconf 83' lang='lat' dir='ltr'><strong>instantibus</strong></span> <span class='ocrx_word' id='word_1_343' title='bbox 673 3710 700 3751; x_wconf 86' lang='lat' dir='ltr'><strong>et</strong></span> <span class='ocrx_word' id='word_1_344' title='bbox 725 3697 841 3767; x_wconf 82' lang='lat' dir='ltr'><strong>syllabis</strong></span> <span class='ocrx_word' id='word_1_345' title='bbox 866 3698 1025 3768; x_wconf 84' lang='lat' dir='ltr'><strong>disputent.</strong></span> <span class='ocrx_word' id='word_1_346' title='bbox 1059 3699 1154 3755; x_wconf 79' lang='lat' dir='ltr'><strong>Nobis</strong></span> 
     </span>
     <span class='ocr_line' id='line_1_39' title="bbox 109 3787 1156 3863; baseline -0.005 -15"><span class='ocrx_word' id='word_1_347' title='bbox 109 3795 188 3849; x_wconf 86' lang='lat' dir='ltr'><strong>euiui</strong></span> <span class='ocrx_word' id='word_1_348' title='bbox 207 3804 397 3863; x_wconf 87' lang='lat' dir='ltr'><strong>pracceptum</strong></span> <span class='ocrx_word' id='word_1_349' title='bbox 415 3802 476 3857; x_wconf 77' lang='lat' dir='ltr'><strong>est,</strong></span> <span class='ocrx_word' id='word_1_350' title='bbox 504 3788 594 3843; x_wconf 82' lang='lat' dir='ltr'><strong>verba</strong></span> <span class='ocrx_word' id='word_1_351' title='bbox 611 3788 671 3841; x_wconf 92' lang='lat' dir='ltr'><strong>Dei</strong></span> <span class='ocrx_word' id='word_1_352' title='bbox 690 3804 758 3841; x_wconf 68' lang='lat' dir='ltr'><strong>tura</strong></span> <span class='ocrx_word' id='word_1_353' title='bbox 776 3804 841 3843; x_wconf 72' lang='lat' dir='ltr'><strong>esec</strong></span> <span class='ocrx_word' id='word_1_354' title='bbox 859 3787 1003 3857; x_wconf 81' lang='lat' dir='ltr'><strong>credere,</strong></span> <span class='ocrx_word' id='word_1_355' title='bbox 1024 3807 1086 3845; x_wconf 87' lang='lat' dir='ltr'><strong>nott</strong></span> <span class='ocrx_word' id='word_1_356' title='bbox 1108 3806 1156 3845; x_wconf 84' lang='lat' dir='ltr'><strong>au.</strong></span> 
     </span>
    </p>
   </div>
   <div class='ocr_carea' id='block_1_3' title="bbox 159 3984 400 4039">
    <p class='ocr_par' dir='ltr' id='par_1_3' title="bbox 159 3984 400 4039">
     <span class='ocr_line' id='line_1_40' title="bbox 159 3984 400 4039; baseline -0.029 -6"><span class='ocrx_word' id='word_1_357' title='bbox 159 3992 178 4039; x_wconf 78' lang='grc' dir='ltr'><strong>ι]</strong></span> <span class='ocrx_word' id='word_1_358' title='bbox 194 3984 286 4030; x_wconf 79' lang='grc' dir='ltr'>Αιιιίι.</span> <span class='ocrx_word' id='word_1_359' title='bbox 305 3984 400 4029; x_wconf 80' lang='lat' dir='ltr'><strong>lartum.</strong></span> 
     </span>
    </p>
   </div>
   <div class='ocr_carea' id='block_1_4' title="bbox 0 0 1284 4726">
    <p class='ocr_par' dir='ltr' id='par_1_4' title="bbox 0 0 1284 4726">
     <span class='ocr_line' id='line_1_41' title="bbox 0 0 1284 4726; baseline 0 2"><span class='ocrx_word' id='word_1_360' title='bbox 0 0 1284 4726; x_wconf 95' lang='lat' dir='ltr'><strong> </strong></span> 
     </span>
    </p>
   </div>
  </div>
 </body>
</html>
