2558 4726
593 319 684 391 llus.
996 333 1000 346 '
1077 312 1160 391 ’339
1213 333 1215 338 ’

106 477 187 533 sicut
202 485 231 532 et
245 474 342 533 Ducis
355 474 496 548 Georgii,
512 474 590 550 apud
600 494 650 532 me
660 477 734 533 nihil
747 477 946 547 concludunt,
962 462 1032 534 cum
1046 487 1162 534 certum

107 568 165 636 sit,
183 568 417 635 animo,.lacto,
435 568 531 623 edicto
550 577 580 623 et
595 569 676 623 omni
694 569 794 624 studio
812 586 865 624 eos
881 570 1027 625 hactonus
1045 571 1162 640 egisse,

107 673 197 725 agere
214 656 364 724 voluisse,
392 667 422 710 et
438 656 598 719 etiamnum
614 657 709 721 velle,
734 658 815 728 qnod
841 658 920 713 istud
942 659 1047 713 foedus
1064 659 1165 714 multi.

110 747 229 818 pliciter
251 747 281 800 in
305 762 338 801 ss
362 747 503 801 continet.
542 745 623 800 Nam
646 746 839 815 Evangelium
864 760 1087 818 persequuntur
1096 770 1111 816 ‚·
1133 756 1165 802 et

108 844 249 890 nostrum
260 834 431 905 Principem
444 835 610 888 extinctum
620 835 748 902 vellent,
766 851 872 890 omnes
889 835 1012 891 scimus.
1047 836 1166 891 Deinde

108 942 171 980 nou
190 927 298 979 fmstra
316 923 428 992 gloriati
450 933 480 978 et
504 923 592 977 inflati
611 934 680 978 sunt
696 924 843 980 hactenus
861 923 999 996 Pupistae
1023 935 1053 980 et
1074 927 1167 998 tripu.

110 1016 285 1079 diuverunt,
301 1024 330 1068 et
346 1013 437 1067 multa
454 1013 506 1066 alin
522 1013 622 1080 valde,
643 1028 718 1084 quae
736 1015 908 1085 praesertim
925 1015 1048 1070 Ducem
1066 1015 1167 1073 Geor.

109 1106 192 1176 gium
209 1112 349 1159 accusant
363 1111 400 1157 ‘et
417 1103 616 1170 convincunt,
640 1102 728 1172 hujus
746 1103 923 1172 sanguinarii
943 1106 1073 1161 foederis
1097 1122 1166 1162 esse

111 1209 200 1249 reum
215 1194 263 1248 vel
280 1207 423 1247 autorem.
457 1190 589 1247 Proinde
608 1200 638 1245 et
654 1208 711 1261 ego
728 1206 855 1258 censeo,
872 1194 959 1249 toties
975 1196 1084 1250 frustra
1099 1212 1166 1251 mo.

111 1284 215 1350 nitus,
234 1283 404 1353 frustraque
426 1281 509 1352 ipsos
532 1280 641 1352 aliquid
664 1291 855 1353 speraturos,
884 1284 909 1338 si
936 1285 1033 1340 denuo
1058 1286 1168 1366 aliquid

112 1373 211 1429 moliti
225 1372 350 1440 luerint,
373 1380 405 1425 ut
422 1385 545 1442 prorsus
562 1370 674 1442 absque
692 1372 896 1428 misericordia
917 1375 1078 1446 pellantur,
1101 1375 1174 1449 quin

112 1463 221 1518 nolunt
244 1477 349 1532 pacem
383 1460 478 1525 serre,
508 1458 562 1514 sed
590 1461 764 1529 sanguinem
795 1461 912 1518 sitiunt:
943 1461 1058 1526 bibant
1075 1481 1166 1535 ergo,

111 1550 234 1625 quando
255 1551 291 1606 ita
308 1550 420 1605 volunt.
454 1549 577 1602 Caetera
600 1548 685 1617 alias,
708 1550 757 1604 ubi
776 1550 842 1621 plns
859 1550 1005 1608 habuero.
1041 1553 1112 1609 Vale
1137 1564 1169 1611 et

111 1659 165 1697 ora
192 1657 246 1712 pro
268 1657 333 1708 me,
364 1638 405 1694 mi
428 1636 590 1693 Amsdorfi.
630 1638 860 1710 Witenbergae‚
894 1645 935 1696 13.
960 1642 1062 1714 iunii,
1091 1662 1169 1702 anno

109 1727 333 1790 Mnxxvm.
496 1709 501 1732 ‘
1047 1726 1057 1745 ‘
1176 1800 1180 1811 ¹

802 1817 954 1877 Martinus
971 1818 1140 1879 Lutherus..
1156 1814 1160 1822 '

148 2231 191 2293 tt.
208 2231 356 2302 aurius.
966 2232 1027 2292 Nl.
1044 2233 1134 2292 ΜΝ.

299 2383 349 2454 ila
370 2381 426 2452 teu
446 2380 508 2452 tiit
528 2381 726 2464 {frictilli
749 2395 783 2464 ιι
805 2377 979 2465 illutus.

397 2535 534 2594 tripudiu
547 2537 648 2593 &auriti
662 2538 707 2586 ιιιίι
719 2539 768 2591 tent
781 2538 886 2592 melate.

242 2789 294 2839 Μ
307 2787 470 2836 aurifaber
482 2788 511 2836 ll.
524 2790 570 2837 ³¹19.
585 2789 606 2834 b.
627 2787 727 2842 mettid
740 2789 780 2841 ira
793 2786 1035 2838 malumno.

193 2918 334 2974 Domino
351 2919 535 2987 Friderico‚
550 2919 753 2992 Aegidianae
768 2918 928 2975 Familiae
943 2918 1082 2975 Antisiti

521 3009 758 3084 Norinberque.

112 3126 259 3226 Gratiam
285 3182 315 3227 et
337 3189 452 3243 pacem.
493 3173 568 3226 Cum
591 3171 663 3227 nihil
689 3171 849 3239 haberem,
874 3170 956 3242 qnod
980 3168 1162 3236 scriberem,

109 3261 292 3316 venerabilis
311 3260 378 3330 vir,
396 3261 496 3326 coepit
511 3278 559 3314 mc
575 3261 709 3316 Joannes
727 3261 871 3326 Hostum,
891 3270 923 3313 nt
938 3268 1037 3313 tamen
1054 3257 1165 3311 scribe.

109 3351 235 3417 berem,
253 3361 409 3418 causatus,
426 3349 589 3421 periculum
602 3349 658 3403 sibi
677 3348 847 3414 imminere,
865 3347 948 3418 quasi
966 3363 1027 3400 non
1041 3345 1167 3400 fideliter
1250 3408 1253 3421 ,

110 3441 184 3494 satis
209 3439 346 3494 institerit
362 3456 416 3510 pro
433 3439 570 3492 mandato
588 3447 729 3507 accepto,
754 3446 786 3490 ut
803 3452 851 3489 me
871 3435 1049 3490 solicitsret:
1074 3435 1165 3503 hujus

111 3529 201 3597 igitur
215 3528 345 3599 impulsu
362 3528 474 3583 scribo.
507 3527 586 3582 Nam
604 3526 749 3580 novitates
773 3524 843 3578 istas
861 3535 890 3578 et
909 3524 1036 3579 foederis
1062 3523 1167 3594 impio.

111 3635 180 3672 rum
198 3615 373 3687 Principum
389 3632 469 3670 nunc
480 3615 559 3684 veri,
576 3632 655 3669 nunc
674 3614 737 3667 salsi
747 3654 756 3681 ‚
775 3631 853 3667 nunc
865 3613 977 3681 negati,
995 3629 1074 3666 nunc
1092 3611 1167 3667 affir.

111 3709 185 3762 mati
204 3723 360 3774 rumores,
383 3706 447 3761 scio
466 3705 543 3777 apud
567 3721 622 3759 vos
641 3703 816 3773 jamdudum
843 3702 1034 3756 inveterasse.
1067 3700 1166 3756 Land-

113 3799 246 3867 gravium
269 3813 331 3850 non
356 3795 418 3850 sine
442 3811 529 3848 causa
552 3793 667 3847 moveri
696 3792 938 3862 persuasissimus
963 3807 1039 3850 sum.
1080 3792 1167 3846 Satan

113 3886 224 3957 aliquid
238 3885 341 3952 voluit,
358 3884 411 3938 sed
423 3883 561 3937 Christus
573 3882 713 3937 misertus
726 3880 885 3935 conculcat
897 3881 1003 3951 ipsum.
1036 3879 1168 3936 Tantum

114 3992 252 4040 oremus:
277 3991 338 4049 non
362 3973 443 4030 fallet
465 3988 522 4028 nos
547 3973 703 4029 exauditor
725 3972 790 4040 ille,
824 3971 875 4044 qui
893 3971 985 4041 jussit
1008 3986 1111 4043 orare,
1137 3981 1168 4029 et
