2558 4726
114 318 175 383 ars
592 306 682 385 tart.

114 472 208 544 spiro.
239 470 339 529 Paene
365 472 407 529 fui
431 472 564 547 perditus
586 474 633 531 die
648 474 810 543 Sabbatbi,
835 492 920 535 cum
939 476 1087 537 abortiret
1107 490 1162 535 m

115 562 238 632 Georgii
255 563 419 635 Capeliani,
445 564 568 637 ipsaque
583 580 658 621 mox
680 575 785 622 ιιοιιιι
803 568 936 639 prolem
961 568 1061 637 obiit,
1081 566 1163 639 dapia'

113 664 231 724 morto,
256 656 385 728 primum
403 657 506 713 dolore
524 656 692 727 puerperii,
714 658 824 713 deiude
839 676 978 717 ueneno
1002 660 1095 733 pettit
1111 660 1163 715 ‘utu

112 743 240 799 xicatior
256 760 345 816 qnam
363 744 622 801 intoxicatisaima:
638 744 846 803 neccbristut
873 756 956 815 tunc
977 750 1031 807 vet
1048 750 1163 821 ison!

112 834 162 888 vei
180 849 287 905 preces
304 845 421 890 nostras
438 850 495 907 pro
517 850 552 887 ea
568 834 710 889 servanda
735 834 873 907 audivit,
900 838 1119 895 consolabatur
1133 844 1162 893 d.

113 938 249 995 cunque,
265 923 346 995 qaod
363 924 477 994 optimo
494 923 569 991 iioe,
587 924 616 977 id
633 932 680 978 est
695 923 782 995 piena
797 924 859 981 fide
878 936 916 981 ct
933 928 1068 999 spiritu,
1083 926 1164 999 nim

112 1013 156 1068 rit
172 1012 207 1066 ad
220 1010 383 1066 christum.
416 1012 580 1069 Conoruds
596 1011 684 1081 igitur
700 1010 841 1069 omuibus
852 1030 1003 1087 pavore,
1021 1016 1163 1091 pirou·

113 1118 183 1156 cum
200 1118 253 1158 sua
271 1102 375 1157 ianaiiia
400 1102 435 1156 ad
458 1118 507 1157 me
530 1100 644 1175 accepi.
676 1100 750 1157 Met
765 1102 866 1159 Ketlaa
895 1104 1008 1163 adbuc
1029 1106 1115 1165 fortia
1130 1112 1163 1161 ιιι

113 1192 169 1247 fide
187 1203 217 1247 et
233 1208 303 1247 sana
320 1208 460 1263 corpore.
491 1191 689 1248 dobanneiiue
702 1207 790 1273 rpeue
801 1192 870 1263 jam
889 1196 1027 1253 octiduo
1044 1206 1163 1267 ugron,

112 1281 202 1335 dubio
213 1282 323 1336 morbo
340 1287 389 1345 <ut
405 1282 468 1336 iere
479 1280 611 1353 suspicio
623 1280 712 1353 iutjus
729 1281 915 1355 temporis),
931 1294 1043 1343 tamea
1053 1286 1162 1345 deuia·

4 1365 11 1379 ‘
111 1371 250 1425 violentia
267 1371 387 1434 dicitur,
412 1381 440 1425 et
458 1371 494 1424 ita
511 1370 653 1425 creditur.
684 1368 761 1425 Post
778 1370 940 1443 Capeliani
964 1373 1161 1433 uxoremitui

112 1468 143 1513 et
159 1458 250 1513 bodie
266 1458 337 1513 nihii
355 1459 410 1513 fuit
430 1460 555 1513 saneris:
580 1456 720 1515 Christus
737 1458 826 1528 faxit,
851 1470 887 1515 ut
905 1462 951 1519 ait
968 1462 1040 1521 finis
1059 1466 1113 1521 itta
1124 1478 1161 1537 pt·

112 1548 177 1603 stis.
212 1548 247 1603 in
263 1548 433 1603 suburbano
450 1550 632 1620 piscatorum
652 1548 716 1619 jam
732 1548 854 1623 quidem
869 1550 971 1609 desiit
995 1554 1112 1627 pettit,
1130 1554 1160 1609 ἰ
1183 1578 1186 1591 ·

111 1638 282 1709 cipiuntque
301 1640 398 1693 denuo
416 1639 534 1710 nuptiae
551 1638 677 1707 ibidem,
698 1648 728 1693 et
745 1650 884 1709 repetunt
901 1654 962 1697 sua
978 1644 1103 1713 gaudia,
1120 1640 1158 1699 td

111 1728 183 1783 nihii
209 1740 255 1783 est
280 1729 359 1800 quod
384 1728 457 1784 corti
482 1728 644 1799 promittam
689 1728 768 1785 Nam
792 1742 861 1785 aute
891 1732 1063 1789 octiduum
1084 1748 1158 1807 pacat

111 1826 243 1875 cesserat
259 1818 287 1872 io
305 1816 422 1872 civitate
440 1818 544 1887 pestis,
562 1828 595 1873 ιιι
607 1819 659 1873 vix
676 1818 798 1888 singulis
810 1818 922 1875 diebus
935 1822 1059 1893 singula
1074 1828 1157 1879 etad

111 1910 232 1976 fircera,
257 1909 310 1962 sed
327 1907 424 1962 cubito
440 1918 549 1962 mutata
575 1924 662 1975 aura,
688 1906 763 1963 intra
777 1907 905 1964 biduum
931 1922 1022 1969 etant
1046 1928 1106 1969 uno
1118 1912 1153 1969 da

109 2000 166 2055 ΧΠ
184 2000 286 2053 funcra
303 1998 405 2066 simui.
422 1998 489 2051 iicet
506 1998 629 2051 intentes
648 1997 776 2053 maxima
793 2013 872 2069 pars.
904 2002 1153 2073 Augustiutuxoe

110 2088 250 2143 decubuit
266 2087 388 2143 octiduo
405 2096 435 2141 et
452 2088 592 2157 amplius,
610 2096 790 2161 apostemate
806 2087 991 2159 intrinseco,
1017 2108 1077 2147 uec
1090 2086 1150 2147 alid

110 2194 198 2250 quam
223 2188 337 2247 pestem
365 2177 433 2230 licet
457 2176 618 2246 ampiecti,
642 2176 798 2231 revalescit
821 2186 933 2233 tamea.
967 2178 1150 2253 Margush

110 2268 275 2323 Moclrinna
292 2260 424 2321 similiter
440 2266 515 2336 opud
533 2282 580 2319 me
596 2265 695 2320 adbuc
711 2264 873 2334 decumbit,
890 2270 1044 2325 menstrui
1060 2270 1149 2326 dicitu

111 2372 179 2409 csse
204 2354 345 2421 morbus,
370 2354 422 2409 sod
446 2355 567 2407 rimatur
591 2368 658 2408 esse
677 2357 778 2425 postis.
812 2353 878 2421 Sic,
902 2356 929 2409 si
955 2360 1147 2429 suspicione!

109 2460 246 2516 spectes,
274 2448 299 2498 io
317 2458 399 2516 pesae
417 2444 512 2497 modia
529 2461 637 2498 versor
654 2444 848 2499 dominicae:
867 2446 892 2499 si
908 2463 976 2500 rem
996 2466 1074 2505 vero
1091 2466 1147 2504 coo·

108 2536 236 2598 sideres,
262 2535 319 2591 vita
345 2544 391 2588 est
411 2546 439 2588 et
455 2535 552 2600 solus,
578 2534 646 2587 licet
664 2544 780 2588 tentata.
814 2534 1013 2593 Orationibus
1031 2540 1146 2595 tuiauot

109 2626 179 2677 voio
197 2623 427 2677 commendatos.
461 2622 637 2676 Dorotbeae
654 2624 775 2678 maritus
801 2623 891 2691 obiit,
917 2623 984 2695 ipsa
1007 2640 1146 2700 utcunque

108 2714 186 2769 salva
193 2754 202 2780 ,
221 2714 289 2766 iicet
302 2724 451 2782 apostema
464 2712 649 2783 pertinaciter
660 2722 718 2767 stet
733 2712 921 2780 indomitum,
936 2732 1041 2788 neque
1052 2718 1146 2774 cedent

108 2821 205 2875 neque
224 2816 435 2856 maturescens,
470 2802 565 2855 Ketha
583 2818 648 2855 moa
671 2814 699 2855 te
724 2804 844 2870 saltitat,
869 2816 898 2857 et
922 2818 1082 2877 causatur,
1104 2822 1146 2861 cat

108 2912 168 2949 nou
193 2894 327 2945 advenias
350 2893 496 2945 visitatum
524 2909 596 2957 nos,
623 2907 690 2945 cum
716 2891 867 2947 infinibus
893 2896 1006 2949 nostris
1031 2898 1070 2953 sit
1087 2910 1143 2967 pat.

108 2986 215 3040 Salutat
232 2994 261 3037 te
282 2982 479 3048 Pomerarms,
505 2981 592 3034 hodie
611 2994 727 3034 caestor
744 2983 908 3051 purgandus
928 2984 1037 3041 iactus.
1072 2986 1145 3041 Chri.

108 3088 170 3130 stus
194 3074 368 3137 nobiscum,
389 3056 501 3125 'Aurem
534 3071 728 3128 btbxxvlt.
756 3071 827 3125 feria
847 3073 977 3127 secunda
995 3090 1069 3148 post
1091 3091 1145 3132 om·

106 3167 187 3219 nium
203 3164 389 3219 Sanctorum.

729 3225 770 3280 T.
789 3226 938 3282 Martinus
954 3226 1131 3301 Lutbetus„

136 3532 162 3588 7.
180 3529 371 3592 ustiuhai.
843 3529 895 3585 Νι.
912 3530 1121 3595 ΒιοεεΧΗ.

414 3656 461 3722 iit
484 3652 568 3725 uic.
591 3650 833 3732 bartimeus.

294 3790 349 3838 mort
364 3786 559 3839 martinianam
573 3788 620 3834 ιιι
633 3788 678 3835 tlt
692 3790 749 3842 tort
762 3788 787 3834 m
800 3789 954 3845 wtttmbrrt.

244 3980 295 4032 ideo
311 3978 472 4029 aurifaber
485 3982 513 4028 11.
525 3984 579 4039 iii„
598 3983 697 4035 Φιιιιῐώ
710 3984 857 4044 berwaldi
869 3984 932 4045 XXI.
946 3986 1003 4035 1⁰67.
