2558 4726
533 321 623 392 1529.
925 309 928 315 ¹
980 420 984 434 .
1047 312 1109 387 tls

340 480 481 537 Domino
502 480 691 538 Wencestao
711 479 822 537 Lince.

53 615 172 718 &aare
199 661 253 718 atti
272 657 366 727 iititit
391 651 422 718 itt
439 658 550 726 Carino.
568 664 593 729 1)
627 662 844 732 Horologium,
871 661 951 733 qnod
977 658 1111 729 donasti,
1132 722 1135 726 Α

51 753 94 806 mi
113 751 311 820 wencestae,
335 753 434 818 venit,
459 762 489 806 et
514 753 589 808 forte
616 769 653 808 ex
679 755 782 808 itinere
809 753 940 820 sessum,
967 763 1016 806 aut
1039 751 1112 806 novi

51 844 174 915 hospitii
193 844 360 912 insuetum,
378 844 534 914 aliquando
553 844 694 915 quiescit:
719 845 772 899 sed
790 845 905 903 videtur
921 859 1024 898 rursus
1042 859 1114 897 cum

54 944 193 1005 tempore
211 949 335 988 cursum
358 950 446 988 suum
469 944 615 1005 repetere.
650 933 767 989 Gratias
790 949 844 1003 ago
868 933 935 987 tibi:
962 950 1017 1002 ego
1040 932 1113 986 nihil

54 1025 154 1079 habeo
171 1040 303 1095 pauper,
326 1025 407 1095 quod
425 1025 555 1078 reddam.
590 1024 669 1079 Nam
685 1024 796 1091 libros,
820 1040 896 1094 quos
914 1039 1010 1093 nuper
1027 1022 1119 1077 edidi.

55 1131 143 1181 mus,
167 1113 296 1167 arbitror
306 1114 370 1184 jam
388 1115 499 1168 dudum
524 1115 557 1167 ad
582 1129 638 1168 vos
656 1115 846 1185 pervenisse,
873 1124 1001 1184 suntque
1024 1112 1117 1180 tates,

55 1215 91 1258 ut
107 1205 177 1259 doni
203 1203 398 1274 appellatione
416 1220 477 1258 non
502 1203 628 1258 debeant
646 1203 767 1272 dignari.
802 1203 909 1258 Vetera
932 1203 1011 1259 enim
1028 1212 1117 1272 sunt,

59 1293 113 1349 alia
130 1294 228 1348 forma
247 1293 433 1363 prodeuntia.
450 1292 483 1360 2)

122 1437 272 1494 Familiam
295 1454 393 1493 meam
418 1439 500 1494 auxit
522 1438 674 1495 Dominus
699 1439 787 1496 liliola
806 1438 999 1510 Magdalena,
1024 1448 1119 1501 matre

62 1530 142 1584 salva
160 1539 190 1582 et
207 1528 333 1583 feliciter
350 1528 447 1584 enixa.

128 1671 221 1727 Finita
239 1681 308 1727 sunt
330 1673 437 1728 iterum
454 1673 598 1743 Comitia,
624 1675 678 1729 setl
701 1676 784 1730 nullo
804 1692 894 1747 paene
919 1676 1038 1744 fructu,
1064 1674 1121 1730 nisi

62 1763 144 1834 quoti
157 1761 420 1833 Christomastiges
437 1773 466 1816 et
476 1763 717 1835 Psychotyranni
739 1780 826 1819 suum
840 1766 974 1820 furorem
990 1783 1052 1820 non
1069 1781 1124 1836 po.

61 1862 185 1907 tuerunt
202 1856 332 1923 explere.
368 1854 460 1927 Quod
477 1854 564 1908 nobis
582 1855 650 1908 satis
668 1865 715 1909 est
733 1872 748 1907 a
768 1843 901 1911 Domino
927 1850 1124 1926 impetrasse?

61 1960 132 1999 nam
149 1943 186 1996 de
204 1941 359 2010 Concilio,
377 1943 459 2015 quod
476 1942 597 2011 dicitur,
616 1941 687 1999 nihil
705 1955 770 2010 eat,
788 1946 870 2015 quod
888 1961 1055 2016 speremus.

128 2089 188 2145 Eat
211 2089 287 2161 apud
310 2107 359 2146 me
382 2091 429 2146 vir
451 2089 600 2165 quispiam
617 2088 649 2156 ³)
675 2109 691 2148 e
710 2091 841 2147 Veneriis
860 2093 1001 2161 veniens,
1019 2091 1047 2158 ⁸)
1072 2091 1124 2165 qui

64 2180 207 2248 affirmat,
233 2179 325 2263 filium
348 2179 447 2237 Ducis
472 2181 655 2235 Venetorum
680 2196 748 2237 esse
774 2175 803 2237 in
829 2183 893 2236 aula
919 2183 1054 2239 Turcae:
1087 2182 1127 2239 ita

62 2287 230 2345 pugnamus
263 2277 368 2327 contra
393 2271 528 2326 Turcam
557 2271 720 2341 hactenus,
751 2271 848 2327 donec
873 2272 971 2345 Papa,
1001 2273 1126 2342 Veneti,

64 2360 173 2419 Gallus
189 2359 286 2434 palam
304 2372 334 2415 at
351 2361 538 2431 impudenter
554 2361 647 2435 Tuurci
667 2361 735 2416 facti
752 2373 829 2417 sunt.
863 2361 1005 2434 Denique
1022 2364 1126 2428 refert,

64 2452 95 2506 in
105 2443 242 2507 exercitu
251 2447 329 2506 Galli
339 2449 476 2520 proxime
484 2449 519 2502 ad
528 2441 683 2516 Pavtaml)
692 2451 783 2505 luisse
791 2452 983 2520 800Turcos‚
996 2467 1126 2525 quorum

64 2545 116 2596 300
126 2540 200 2597 salvi
212 2550 243 2594 et
254 2540 350 2595 taedio
363 2540 427 2609 ejus
439 2539 508 2594 belli
521 2540 645 2596 domum
656 2550 725 2597 sunt
740 2542 864 2598 reversi.
876 2540 921 2610 '’)
950 2543 1032 2599 Haec
1041 2560 1128 2601 mon.

64 2644 128 2688 stra
146 2631 214 2702 quia
232 2640 263 2684 tu
280 2630 484 2698 transcribis,
503 2629 657 2687 arbitratus
675 2647 741 2687 sum
759 2632 811 2688 tibi
828 2633 927 2703 ignota
945 2650 1039 2703 esse„
1051 2636 1127 2692 mihi

64 2734 169 2779 autem
186 2722 227 2775 eis
245 2719 476 2776 circumstantiis
502 2730 531 2775 et
549 2720 657 2792 scripta
675 2732 703 2775 et
720 2722 812 2788 dicta,
838 2732 870 2777 ut
886 2740 957 2803 vera
977 2741 1043 2781 esse
1061 2743 1127 2783 cre.

67 2813 148 2870 dam.
180 2810 283 2865 Media
300 2809 347 2865 illa
361 2825 424 2864 nox
436 2812 481 2864 sic
494 2809 597 2875 instat,
616 2810 713 2882 inqua
726 2811 839 2866 clamor
852 2813 1001 2870 autlietur':
1019 2816 1127 2887 Spore,

69 2918 127 2957 sus
143 2901 241 2970 vertit,
266 2898 349 2954 exite
366 2895 488 2953 obviam
505 2898 542 2952 ei.
578 2897 640 2953 Ora
658 2917 712 2970 pro
730 2917 795 2965 me,
822 2913 851 2956 et
869 2903 933 2956 vale
950 2918 1020 2959 cum
1036 2921 1126 2961 carne

69 2981 142 3057 t'ua,
157 2989 309 3064 salutaque
327 3004 432 3045 omnes
450 3001 583 3045 nostros.
616 2987 642 3044 6.
661 2989 755 3062 Maji,
771 2990 957 3048 MDxx1x.

746 3135 788 3194 T.
804 3135 951 3195 Martinus
969 3136 1095 3196 Luther.
1199 3176 1204 3187 ·

123 3586 218 3638 tlstr.
234 3587 260 3630 G.
275 3588 300 3631 el
312 3584 336 3631 Ρ.
350 3584 375 3630 itt
389 3585 444 3630 Clu.
506 3586 528 3639 2)
547 3585 676 3636 Str.†et.
737 3583 948 3645 lisinquitlatu.
1011 3588 1131 3640 iliitstu.

73 3662 131 3713 tiatt
146 3660 242 3717 Papam.
1008 3666 1010 3671 “

124 3942 150 3995 ¹)
164 3941 213 3991 ein
226 3949 418 3993 aaaenammtntt
432 3940 524 3989 stuata
538 3941 592 3993 zat.
605 3940 716 3997 altsteti.
738 3943 770 3994 6.
784 3944 825 3991 itta
840 3945 895 3999 felt.
909 3945 954 3995 ast.
1011 3949 1049 4000 ··)
1064 3949 1135 4002 urite

70 4015 136 4072 aitte
149 4013 263 4066 oetion
275 4015 292 4064 t.
306 4016 348 4062 tta
362 4014 481 4069 ittttntrtt
495 4014 572 4066 stttt·
605 4010 608 4018 '

162 4094 235 4172 ΞΜ.
252 4088 317 4159 tll.
891 4105 931 4173 29
