2558 4726
513 327 615 398 1527.x
1024 323 1099 391 did·

10 482 119 541 simul
140 483 200 539 lroc
219 487 285 557 ipso
303 492 455 542 momento
472 488 560 544 liliola
575 487 774 544 nuntieturex
785 503 850 542 mea
862 484 976 553 Keths,
995 481 1088 554 gloria

10 585 49 633 et·
72 577 144 629 laus
159 575 238 629 Patri
258 576 286 629 in
304 578 415 640 coelis,
431 580 539 634 Amen.
574 582 663 645 Sana,
680 570 734 634 sed
747 595 830 649 segre
844 592 1009 650 puerpera.-
1032 571 1090 627 sed

10 678 50 729 eg
73 663 189 718 liliolus
200 665 334 719 Joannes
353 667 452 729 salvus
472 678 501 721 et
517 669 612 722 laetus
632 680 691 736 est,
709 663 788 722 texor
799 666 951 733 Augustini
968 677 1093 735 quoque

10 753 130 820 ualet,
149 755 275 823 demque
291 755 478 824 Margaretha
489 756 656 811 Mochinna
672 767 798 811 mortem
817 757 965 826 insperato
984 752 1089 807 evasit.

10 844 180 918 Quinque
199 860 308 914 porcos
327 862 381 914 pro
400 845 447 899 his
465 845 617 913 dedimus,
634 862 713 918 quos
731 846 832 900 amisi:
855 845 995 899 Christus
1013 843 1092 896 sola.

10 935 107 989 tium
131 945 269 991 nostrum
293 934 397 1000 saciat,
424 945 456 987 ιιι
482 935 574 1004 pestis
604 946 663 990 asto
690 951 784 989 censu
808 943 945 989 contenta
970 933 1092 987 desinat.
1127 943 1136 1009 j

10 1022 99 1095 Ego
123 1039 207 1090 sum,
238 1022 288 1093 qui
316 1039 384 1076 sum
408 1021 715 1091 hactenus„scilicet
740 1033 773 1078 ιιι
797 1022 982 1096 Apostolus,
1008 1019 1111 1093 quasi,
1143 1019 1146 1029 '

10 1122 175 1168 mortuus
193 1121 223 1164 et
241 1128 314 1165 ecce
332 1111 411 1166 rivo.

40 1274 44 1281 ,
101 1216 155 1271 De
175 1215 305 1271 Emsero
329 1229 359 1270 et
383 1216 553 1274 Teutlebeu
576 1217 681 1273 similia
705 1217 792 1273 uobis
815 1232 936 1290 quoque
958 1215 1038 1270 dicta
1052 1221 1094 1271 -et

15 1307 154 1380 scripta
170 1292 247 1362 sunt.
281 1309 331 1376 lle
349 1307 387 1363 K.
400 1309 486 1378 longa
498 1321 544 1364 est
555 1309 666 1379 labala,
684 1326 817 1377 summa,
836 1320 907 1364 octo
919 1307 1093 1366 vulneribus

17 1395 190 1464 concidit,
207 1413 267 1452 uno
285 1406 399 1455 tantum
414 1397 529 1454 lethali:
547 1399 728 1453 conscientia
742 1397 849 1453 dicitur
864 1397 986 1467 agitatus
999 1395 1097 1467 negati

20 1476 171 1553 Christi,
187 1485 249 1540 hoc
266 1498 330 1553 est,
347 1485 502 1556 utriusque
521 1486 631 1558 speciei
650 1486 862 1558 porrigendae,
880 1487 927 1542 alii
943 1486 1053 1541 addunt
1065 1493 1096 1541 et

20 1575 157 1631 consilii
174 1574 230 1631 dati
248 1576 283 1650 pd
301 1574 425 1645 Georgii
442 1575 591 1631 ilallensis
610 1575 672 1630 sive
690 1593 798 1631 necem
815 1576 878 1631 sive
898 1577 1024 1647 pulsam.
1060 1574 1096 1631 In
1197 1608 1199 1611 ·

21 1664 181 1722 cubiculo
200 1680 257 1720 suo
274 1664 377 1741 solus,
396 1677 426 1720 et
443 1665 518 1721 seris
533 1665 713 1735 obfirmatis,
732 1666 856 1738 pecunia
868 1681 920 1728 stu
931 1673 1096 1734 numerata,

28 1768 68 1811 et
90 1755 120 1809 in
141 1770 218 1826 quos
234 1755 324 1809 vellet
342 1770 415 1809 usus
427 1754 568 1825 disposita
585 1771 619 1808 ac
637 1754 800 1825 descripta,
818 1771 904 1807 mane
921 1770 989 1826 cum
1006 1771 1022 1806 a
1040 1753 1096 1808 filia

23 1852 203 1902 vocaretur
218 1843 307 1897 solito
323 1854 427 1910 more,
445 1836 595 1897 recusavit
613 1842 713 1897 venire
732 1853 761 1896 et
778 1842 949 1911 r'dm'ittere,
970 1842 1097 1896 interro.

28 1945 146 2005 gntus,
171 1948 244 1986 num
268 1932 337 2002 quid
362 1933 501 1988 deesset?
527 1932 695 2001 respondit,
721 1928 852 2000 adtoniti.
888 1930 968 1985 Hora
986 1930 1097 2001 prandii

31 2025 152 2080 iterum
169 2033 315 2087 vocatus,
338 2038 398 2075 nnn
422 2021 588 2091 respondit:
615 2020 717 2075 fractis
742 2028 841 2091 eutem
863 2018 995 2087 foribus,
1022 2036 1097 2075 eccs

31 2112 165 2170 indutus
183 2110 284 2178 caligis
297 2121 326 2164 et
337 2109 483 2180 diploide,
496 2111 577 2180 jacet
589 2109 617 2162 in
629 2108 765 2178 gradibus
778 2109 851 2162 lecti·
860 2117 997 2163 manuus
1009 2099 1099 2179 juxte

30 2201 223 2276 pugionem,
242 2199 294 2254 sed
312 2198 400 2254 nullis
418 2197 589 2252 vulneribus
607 2196 816 2268 apparentibus
835 2206 952 2266 praeter
965 2213 1054 2252 unum
1068 2197 1097 2253 in

20 2292 163 2366 jugulo,
190 2300 300 2346 exutus
317 2302 415 2345 autem
431 2290 461 2343 in
478 2297 602 2360 pectore
619 2299 649 2344 et
665 2287 754 2344 latere
774 2286 885 2360 reliqua
902 2288 1045 2344 exhibuit'
1054 2289 1099 2344 vi.

33 2381 117 2438 deri.
154 2380 231 2454 Quis
248 2379 321 2442 seit,
348 2378 374 2434 si
391 2388 559 2434 extremum
583 2377 774 2449 poenituerit,
800 2377 915 2449 quando
940 2379 985 2433 ric
1008 2394 1098 2437 sanus

37 2485 70 2528 et
89 2484 218 2542 compos
235 2468 344 2540 periit?
862 2469 865 2475 ’

107 2575 235 2634 Famoss
252 2572 399 2629 dissensio
415 2565 517 2628 nostra
530 2571 559 2639 1’)’
575 2572 708 2641 Torgne,
725 2589 816 2644 paene
834 2573 899 2645 plns
916 2589 1004 2644 quam
1022 2572 1095 2629 nihil

38 2660 196 2722 l'uitz'hoc
213 2679 322 2731 unum,
340 2664 422 2734 quod
439 2673 470 2716 tu
488 2678 526 2716 ex
544 2662 675 2716 liisl'ebio
689 2663 845 2734 accepisti,
864 2663 1096 2734 proponebatur,

39 2770 179 2824 moxque
203 2752 377 2820 sedabatur,
406 2763 493 2822 atque
517 2767 572 2820 per
596 2750 694 2806 omnia
717 2754 924 2806 consensimus
951 2753 1097 2824 pulchre,

41 2846 172 2916 deniqne
196 2843 361 2897 excudetur
386 2841 558 2912 propediem
582 2851 643 2895 tota
666 2841 713 2894 illa
735 2840 872 2896 visitatio·
907 2839 1094 2913 Maximum,

42 2935 126 3005 quod
144 2932 288 2996 lecimus,
306 2942 385 2996 erat,
403 2930 484 3001 qnod
501 2941 601 2982 sumtu
612 2928 780 3000 Principem
798 2930 1003 2998 oneravimus,
1020 2933 1096 3002 opti.

42 3040 127 3079 mum
146 3031 258 3084 autem,
275 3021 355 3091 quod
374 3020 481 3073 tactum
500 3032 564 3084 est,
582 3018 662 3088 quod
680 3034 713 3071 ea
731 3018 840 3073 dissidii
854 3020 928 3072 fama
939 3022 987 3073 vel
999 3021 1096 3090 auspi.

43 3115 92 3168 cio
111 3113 152 3166 ibi
168 3112 282 3183 sepulta
298 3120 363 3175 est,
388 3108 459 3163 Deo
483 3110 572 3176 gratia
593 3118 621 3162 et
638 3107 745 3175 gloria:
772 3108 895 3178 proinde
918 3111 997 3177 quod
1022 3109 1095 3164 nihil

42 3205 80 3258 ad
96 3214 126 3258 te
143 3201 247 3272 scripsi
265 3200 301 3253 de
319 3201 372 3254 ista
389 3197 553 3267 tragoedia,
575 3198 666 3264 lecit,
688 3198 768 3268 quod
785 3197 948 3252 adeo‘nihil
966 3209 1047 3254 esset
1065 3210 1095 3256 et

43 3304 195 3352 contemta
211 3293 382 3347 haberetur.

110 3400 172 3456 'l'ui
191 3398 293 3452 calculi
312 3397 492 3469 tyrannidem
509 3393 620 3462 gaudeo
638 3389 808 3461 mitigatam:
834 3394 959 3461 vellem,
984 3404 1017 3448 ut
1038 3396 1094 3449 sal.

41 3503 106 3546 tem
124 3491 207 3543 solus
229 3488 291 3541 huc
313 3486 430 3540 venires
456 3485 595 3556 spatiandi
618 3483 723 3549 gratia,
747 3486 864 3537 visurus
888 3500 975 3554 quam
1000 3487 1093 3556 pestis

39 3581 117 3638 nillil
135 3580 210 3632 facta
228 3577 284 3644 sit,
303 3575 372 3629 Deo
391 3574 491 3643 gloria.
526 3572 604 3627 Nam
622 3573 651 3625 iu
665 3571 803 3641 hospitali
819 3573 906 3625 modo
919 3572 977 3625 duo
990 3573 1094 3644 reliqui

37 3681 133 3735 suut,
152 3667 203 3739 qui
222 3677 251 3719 et
268 3665 322 3737 ipsi
341 3664 489 3719 valescunt
505 3661 601 3735 bener
616 3659 644 3713 in
663 3659 779 3712 civitate
795 3659 867 3714 nihil
885 3670 931 3714 cst
946 3677 1016 3715 curn
1026 3652 1095 3717 ullis

33 3812 572 3858 Μ

92 3918 118 3966 ·)
135 3913 317 3969 metandorum
330 3913 376 3958 ant
387 3909 507 3965 ttartrotal
517 3909 662 3961 &muller
671 3906 994 3962 attsslntatlralsottnang.
1007 3871 1107 3960 wan·-

28 4005 55 4044 υ.
72 3992 112 4042 2⁷.
128 3989 239 4039 ortator
257 3987 302 4034 Νο,
316 3984 455 4034 Dedecus.
