2558 4726
570 309 662 378 1528.
1078 303 1141 371 325

121 469 168 526 2³.
187 465 275 533 was
824 464 878 524 N0.
893 464 1105 524 nccocxct.

385 616 435 686 tta
454 593 609 699 {triete
631 615 858 694 witratus.

120 774 521 834 eunomiani-nem
533 772 1108 830 mianomaraemamme.

236 1011 287 1063 mes
301 1008 464 1056 aurifaber
477 1009 506 1056 11.
518 1011 564 1060 ii&
589 1009 690 1063 wid
703 1010 744 1062 bt!
756 1009 851 1061 wald
863 1009 927 1056 xxi.
940 1012 998 1060 11⁰⁹.

95 1129 241 1230 Gratiam
257 1184 286 1230 et
303 1191 407 1246 pacem
424 1176 454 1230 in
470 1175 603 1231 Christo.
636 1175 747 1230 Tristia
762 1175 834 1230 satis
852 1174 976 1241 scribis,
991 1176 1031 1228 mi
1046 1171 1145 1228 Fride.

95 1263 201 1332 riche,
226 1265 261 1318 de
276 1264 335 1320 D.:
356 1264 425 1332 sed,
446 1273 480 1319 ut
496 1275 542 1319 est
557 1265 670 1332 homo,
690 1263 762 1319 nihil
780 1274 826 1318 est
844 1264 976 1331 consilii,
1000 1274 1062 1334 quo
1072 1261 1144 1320 istis

95 1353 190 1410 rebus
200 1369 382 1409 succurram.
415 1355 526 1426 Scripsi
538 1365 637 1409 tamen
648 1355 685 1409 ad
696 1371 765 1409 eum
775 1353 844 1410 satis
861 1357 911 1423 (ut
921 1354 1041 1426 opinor)
1059 1367 1146 1424 aspe-

96 1460 146 1499 ras
163 1444 278 1512 literas,
304 1445 330 1500 si
347 1444 417 1513 quid
434 1444 490 1499 iliis
508 1460 712 1516 promoveam.
744 1443 967 1500 Excusationes
990 1444 1145 1509 rescribit,

94 1533 150 1589 sed
167 1534 280 1600 irritas,
304 1550 378 1604 quas
402 1543 432 1588 et
453 1534 554 1588 audire
569 1550 618 1587 me
634 1533 714 1588 nolle
730 1533 848 1606 scripsi.
881 1533 950 1589 Nec
970 1535 1056 1589 rideo
1072 1533 1146 1605 quid

91 1624 210 1696 prosit,
234 1624 346 1677 etiamsi
364 1623 479 1679 centies
494 1623 531 1676 ad
553 1623 647 1677 auiam
662 1640 711 1678 res
728 1622 920 1692 devolvatur,
941 1636 972 1678 et
988 1625 1144 1679 autoritate

91 1713 246 1785 Principis
262 1723 400 1768 tentetur.
433 1713 528 1784 Caput
538 1712 646 1782 habet,
662 1730 724 1783 quo
737 1713 795 1768 nisi
807 1723 920 1768 mutato
931 1714 1056 1769 coelitus
1070 1712 1146 1769 nihii

93 1804 246 1876 reliquum
270 1813 333 1872 eat,
355 1819 444 1874 quam
468 1813 500 1857 ut
520 1802 641 1868 manda,
664 1803 818 1868 remanda,
840 1803 962 1871 manda,
987 1803 1144 1871 mmaoda,

95 1893 184 1949 nobis
197 1901 303 1947 cantet.
336 1891 384 1946 Ad
393 1890 587 1946 visitatorum
598 1891 728 1947 officium
745 1892 861 1947 interim
872 1892 1065 1963 rejiciendum
1077 1907 1147 1947 esse

96 1997 227 2048 museo,
244 1981 361 2037 interim
377 1980 513 2054 patientia
536 1981 624 2036 etiam
648 1981 900 2052 impatientissima
921 1982 1063 2036 ferendus
1087 1991 1146 2038 est.

95 2071 250 2128 Dominus
262 2079 381 2137 tecum,
395 2079 426 2123 et
437 2079 467 2123 tu
479 2084 534 2141 pro
546 2085 594 2123 me
611 2086 664 2123 ora
680 2068 800 2124 infirmo
816 2080 846 2124 et
857 2087 995 2141 paupere.
1029 2069 1148 2127 Μαι

94 2160 222 2238 δρψ,
244 2157 393 2216 Sabbatho
408 2169 478 2232 post
493 2157 705 2227 Ascensionis,
723 2175 801 2214 anno
816 2158 1031 2215 MDxxvm.

784 2264 935 2321 Martinus
951 2264 1113 2322 Lutherus.

706 2618 709 2623 “
758 2612 761 2617 ’
811 2638 865 2698 m.
880 2639 1112 2698 ncoccxcu.

423 2790 471 2860 its
490 2786 629 2872 {tuiti
650 2787 824 2858 wetini.

324 2947 923 3001 esnmonmnionnmimne

228 3181 280 3235 sses
293 3180 454 3229 aurifaber
466 3182 495 3228 11
508 3183 553 3231 378.
567 3183 589 3227 i.
615 3182 715 3235 mih
726 3180 768 3236 ft!
779 3182 874 3234 ΒΜ
887 3183 949 3229 xxt.
964 3184 1020 3230 tun

100 3299 247 3399 Gratiam
264 3356 293 3400 et
309 3361 423 3417 pacem.
456 3345 564 3402 Paucis
583 3330 832 3418 occupatissimus
849 3346 970 3413 scribo,
992 3345 1033 3401 mi
1049 3346 1149 3402 June.

100 3432 166 3503 Ego
183 3451 245 3488 non
262 3435 413 3503 omittam,
431 3437 501 3507 quin
518 3447 549 3490 ut
567 3437 686 3491 occasio
703 3451 770 3490 sese
782 3424 929 3507 'quaeque
947 3436 1041 3508 prima
1064 3436 1153 3490 obtu.

102 3524 183 3592 ierit,
201 3536 231 3578 te
249 3541 287 3578 ex
303 3525 360 3579 isto
376 3526 536 3580 bestiarum
553 3527 717 3580 crudelium
735 3539 765 3581 et
781 3526 1042 3594 ingratissimamm
1056 3527 1151 3580 iustro

104 3631 244 3669 evocem:
268 3615 306 3669 ita
322 3633 370 3670 me
387 3615 478 3669 habet
494 3617 622 3687 pessime
649 3616 732 3670 istius
761 3615 843 3669 urbis
859 3616 1055 3684 abominatio,
1081 3616 1152 3688 quid

104 3705 180 3757 enim
199 3704 276 3757 aliud
288 3705 404 3759 dicam?
438 3704 615 3779 Quanquam
633 3722 689 3774 ego
708 3723 766 3758 non
786 3705 957 3775 desperem,
976 3705 1057 3758 brevi
1076 3703 1154 3760 aliud

103 3794 249 3847 facturum
262 3793 413 3847 Christum
430 3810 498 3846 cum
515 3793 689 3848 adversariis
701 3795 772 3847 suis.
806 3793 927 3847 interim
938 3805 1053 3865 patere,
1072 3810 1154 3850 corn.

104 3883 202 3952 patior
218 3884 295 3937 enim
314 3883 383 3950 tibi,
409 3883 547 3936 Christus
564 3883 681 3953 utrique
699 3882 876 3953 compatitur
896 3894 927 3936 et
946 3884 1100 3952 omnibus,
1125 3897 1156 3940 et
1223 3867 1227 3876 ¹

104 3985 187 4034 orato
214 3990 270 4045 pro
296 3990 343 4026 me
369 3973 485 4027 infirmo
510 3972 641 4026 vasculo.
682 3972 829 4045 Princeps
854 3984 958 4030 noster
982 3977 1155 4048 occupatior
