2558 5048
537 706 630 777 1529.
1051 697 1113 772 tst
1197 715 1200 733 ·

53 875 154 934 super
167 862 220 918 'aare
241 863 399 936 plantem.
430 865 490 922 Sed
513 883 584 923 curn
608 867 684 937 tales
700 863 837 925 (ilaristus
849 864 926 937 'ipse
941 860 1115 930 Dominus,

54 964 85 1007 et
108 965 177 1008 aitte
201 971 270 1009 euna
294 957 480 1029 Prophetae,
511 969 542 1014 et
566 968 634 1030 post
657 974 727 1012 eum
749 955 889 1028 Apostoli
912 955 991 1010 ferre
1017 951 1114 1007 coacti

54 1055 143 1100 stmt:
167 1045 218 1115 qui
236 1056 339 1107 sumus
355 1063 429 1116 nos,
452 1059 485 1103 ut
512 1049 614 1103 eadem
632 1049 728 1102 formu
745 1061 922 1101 recusemus
940 1044 1113 1099 conformes

54 1132 117 1188 lieri
142 1134 225 1204 ejus,
251 1152 341 1207 quem
363 1136 586 1208 praedicamus,
619 1138 737 1210 quando
763 1147 792 1190 et
823 1136 905 1208 ipsos
929 1151 991 1189 non
1013 1132 1114 1232 quinus

54 1225 187 1278 moverit
210 1225 359 1280 tenerrimi
382 1226 481 1282 cordis
497 1225 638 1283 homines
662 1226 870 1282 scandalorum
887 1222 1061 1294 gravissima
1084 1229 1115 1276 et

54 1313 228 1383 turpissima
245 1314 357 1383 facies,
378 1327 412 1370 ut
427 1332 489 1372 non
511 1317 643 1371 obscure
661 1316 801 1372 Christus
817 1313 901 1369 hunc
921 1312 1057 1367 dolorem
1075 1309 1115 1365 si.

55 1401 176 1471 gnificat
191 1401 303 1459 Matth.
320 1403 451 1475 xvttt„
477 1405 528 1461 ubi
552 1405 680 1464 scandali
705 1415 825 1459 autores
847 1412 908 1459 tarn
934 1398 1029 1456 atroci
1046 1416 1115 1455 sen.

54 1493 151 1546 tentia·
168 1493 204 1548 ad
226 1495 407 1566 profundum
424 1511 505 1551 mare
528 1512 674 1569 suspensa
698 1496 727 1550 in
751 1494 831 1549 collo
849 1493 930 1548 mola
956 1490 1112 1561 adjudicat.

56 1581 160 1657 Quare
170 1582 322 1639 Psalmum
340 1585 563 1641 consolatorem
579 1599 608 1642 et
623 1587 808 1643 hortatorem
827 1584 946 1651 recole,
963 1581 1014 1654 qui
1026 1579 1112 1636 dicit:

55 1673 207 1744 Expecta
217 1673 405 1745 Dominum,
421 1676 560 1732 viriliter
571 1677 670 1751 opitu,
687 1683 717 1731 et
728 1673 930 1746 constas-tetur
941 1688 998 1728 cor
1012 1677 1113 1739 tuum,

55 1770 87 1816 et
103 1764 222 1818 stutine
233 1764 420 1821 Domimun.
451 1768 503 1823 De
520 1784 569 1821 me
585 1769 696 1822 referet
712 1767 811 1822 omnia
825 1765 1002 1821 Lohmtlller
1020 1761 1113 1818 caris-

56 1855 152 1910 simus
169 1864 198 1912 et
214 1872 291 1928 quae
307 1857 383 1929 apud
401 1871 458 1913 nos
474 1868 631 1926 geruntur,
650 1858 786 1913 oculatus
803 1857 898 1913 testis.

121 1967 246 2023 vocavit
262 1983 318 2024 nos
336 1963 537 2040 Landgraviirs
554 1970 677 2025 Hassiae
700 1971 734 2024 ad
752 1969 830 2024 diem
846 1967 1009 2043 Michaelis
1028 1965 1113 2023 Mar.

56 2057 203 2128 burgum,
227 2069 390 2116 tentaturus
415 2061 608 2116 concordiam
629 2062 703 2117 inter
720 2077 777 2116 nos
802 2072 831 2115 et
853 2058 1112 2115 Sacratnentarios.

53 2147 213 2220 Philippus
236 2161 267 2205 et
291 2167 364 2220 ego,
387 2168 458 2206 eum
475 2151 525 2206 diu
547 2168 774 2208 recusassemus
797 2161 826 2205 et
848 2151 955 2205 trustra
980 2149 1111 2204 reluctati

54 2251 210 2308 essemus,
228 2226 346 2295 tandem
357 2241 453 2296 coacti
465 2257 569 2295 sumus
586 2240 772 2313 improbitate
790 2240 854 2311 ejus
866 2240 1037 2311 promittere
1054 2253 1112 2294 nos

54 2339 215 2397 venturos,
240 2330 383 2385 necdum
401 2332 483 2401 scio,
507 2349 543 2386 an
561 2331 706 2403 profectio
725 2330 876 2402 procedet.
909 2327 995 2384 Nihil
1013 2327 1111 2383 bonas

55 2419 117 2490 spei
128 2417 293 2488 habemus,
312 2421 366 2476 sed
382 2421 493 2477 insidiis
512 2423 608 2477 omnia
622 2420 706 2492 plena
720 2421 924 2493 suspicamur,
942 2429 975 2473 ut
987 2416 1111 2487 gloriam

55 2510 187 2564 referant
204 2510 361 2577 victoriae,
379 2512 628 2584 quemadmodum
647 2510 703 2564 sub
716 2511 826 2565 Ariane
843 2510 962 2564 saeculo
975 2508 1112 2562 videmus

54 2598 127 2654 tales
139 2608 308 2655 conventus
325 2616 447 2671 semper
458 2601 524 2672 plus
534 2601 676 2655 nocuisse
694 2617 783 2671 quarn
795 2601 961 2672 proluisse,
979 2609 1008 2652 et
1025 2596 1111 2654 latitas

53 2689 185 2744 Arianos
207 2689 368 2758 gloriantes
391 2707 446 2746 sun
470 2692 626 2762 sparsisse.
669 2689 773 2745 Vocati
797 2701 866 2745 sunt
891 2700 921 2745 et
945 2688 1111 2754 Osiuntler,

54 2777 329 2849 Nurmbergensis,
351 2779 428 2835 Joh.
445 2780 585 2834 Breutius
606 2789 636 2833 et
655 2779 717 2842 alii;
743 2779 795 2834 sed
819 2778 875 2851 ipsi
893 2780 1009 2834 sortiter
1025 2795 1112 2833 recu.

55 2879 121 2924 aaut
133 2870 246 2925 venire.
280 2869 434 2944 Quicquid
447 2868 512 2938 fiat,
531 2880 562 2923 tu
578 2887 634 2943 pro
646 2870 732 2926 nobis
750 2886 819 2939 ora,
836 2864 1008 2926 utChrisus
1020 2868 1110 2924 uobis

55 2960 157 3015 salvus
175 2970 296 3030 regnet,
313 2963 422 3022 Amen.

118 3072 209 3130 Nova
222 3082 374 3146 praeterea
385 3073 464 3129 nulla
474 3073 636 3143 babemus,
653 3073 709 3130 nisi
724 3073 804 3146 quod
817 3073 910 3148 pestis
928 3073 973 3128 illa
985 3073 1112 3144 Anglica

54 3164 168 3239 passim
188 3165 324 3234 timetur,
350 3174 381 3221 et
399 3166 504 3237 ‚coepit
525 3165 577 3220 hic
595 3166 741 3237 quosdam
765 3167 955 3236 pavefacere:
980 3165 1031 3220 sed
1049 3163 1111 3219 Dei

55 3255 148 3325 gratia
165 3255 278 3327 quierit
290 3246 394 3328 pavor.
427 3253 493 3325 Ego
505 3271 634 3327 corpore
651 3265 804 3326 uteunque
820 3257 922 3323 valeo,
942 3256 994 3311 sed
1012 3254 1111 3308 animo

55 3344 192 3401 infirmus
216 3360 301 3414 sum,
326 3345 419 3401 veluti
441 3344 552 3402 Petrus
575 3344 630 3401 lide
659 3346 806 3399 laborans.
846 3345 963 3400 Tamen
988 3345 1112 3398 fratrum

53 3434 197 3507 precibus
213 3433 313 3489 adhuc
330 3450 456 3504 servor,
481 3451 519 3489 ne
537 3435 743 3490 succumbam.
779 3433 965 3488 Commendo
982 3449 1030 3487 me
1052 3433 1112 3487 tuis

53 3524 240 3581 ontionmua
259 3535 288 3581 et
298 3541 391 3596 rogo,
408 3535 441 3580 ut
452 3524 620 3580 Ecclesiam
636 3536 765 3580 vestram
780 3521 946 3579 sollicitetis
963 3531 993 3576 et
1009 3536 1112 3591 urgeat.

52 3615 94 3670 tis
112 3614 333 3671 adorationem
349 3629 405 3701 prq
421 3613 575 3684 Evangelii
593 3628 685 3668 cursu
702 3629 735 3667 sc
753 3629 808 3683 pro
825 3628 898 3682 pace
917 3610 1043 3682 politica.

100 3805 105 3813 ,
120 3736 143 3791 J
146 3736 250 3792 avenis
266 3737 315 3792 ille
328 3735 450 3791 Hassiae
467 3736 616 3809 inquietus
634 3744 681 3791 est
698 3746 728 3790 et
742 3732 971 3802 cogitationibus
987 3741 1113 3788 aestuat.

53 3824 208 3881 Dominus
225 3826 354 3881 servavit
370 3842 427 3881 nos
448 3824 515 3897 ipso
532 3823 652 3878 biennio
676 3841 691 3878 a
715 3822 832 3877 duobus
849 3821 988 3877 maximis
1013 3822 1114 3875 incen.

55 3903 125 3983 diis,
143 3914 251 3987 quibus
268 3927 331 3971 tota
348 3903 507 3972 Gennania
524 3913 691 3982 flagrasset,
713 3913 770 3969 nisi
787 3913 874 3968 Deus
891 3923 995 3967 noster
1010 3913 1115 3966 miser.

56 4015 105 4060 tus
123 4005 236 4076 potenti
259 4016 289 4061 et
305 4006 433 4060 mirabili
446 4022 535 4060 manu
559 4004 741 4072 obstitisset,
765 4014 795 4058 et
813 4003 935 4058 consilia
953 4001 1112 4057 turbasset.

55 4093 100 4148 Ita
116 4094 247 4164 undique
264 4093 350 4149 nobis
368 4094 434 4165 plus
452 4103 496 4149 est
514 4092 637 4164 periculi
655 4109 671 4146 a
688 4093 798 4147 nostris
815 4107 904 4164 quam
925 4091 961 4145 ab
978 4091 1114 4145 adversa.

56 4183 120 4240 riis.
155 4182 265 4254 Neque
282 4185 379 4239 adhuc
398 4184 522 4255 quiescit
533 4183 621 4239 Satan
638 4182 857 4252 sanguinarius,
875 4182 989 4253 spirans
1007 4182 1113 4236 caedes

57 4282 88 4325 et
114 4272 304 4342 sanguiuemt
334 4273 401 4328 ideo
427 4272 572 4330 orandum
598 4280 646 4326 est
669 4271 831 4339 diligenter.
876 4272 973 4326 Saluta
998 4284 1113 4325 costum

58 4370 158 4430 tuam,
182 4371 213 4416 et
228 4376 297 4417 meo
318 4361 440 4418 nornine
462 4362 607 4430 admone,
629 4369 664 4416 ut
682 4361 829 4433 patienter
850 4360 926 4418 terat
947 4359 1112 4435 peregrina.
