2558 5048
576 664 665 753 stat.
1084 683 1145 749 ass

91 854 180 911 qaam
200 839 306 911 insigni
323 841 464 897 caecitate
480 843 532 898 ltic
550 845 674 900 labores.
710 844 836 912 Timeo,
856 859 892 898 tte
911 845 953 898 sic
971 843 999 897 in
1016 856 1144 914 poenam
1178 824 1182 831 ’

91 939 151 982 tam
169 931 303 997 sacrilegi
321 932 464 1000 dogmatis
481 950 645 1003 percussus
663 934 714 989 sis.
749 936 830 1003 Age,
855 934 1012 1004 loquamur
1028 945 1142 986 crasse.

91 1017 260 1073 Verborum
273 1023 416 1091 quaedam
429 1036 497 1076 strat
509 1023 712 1092 Evangelistne
726 1024 876 1078 historiam
891 1022 1055 1090 recitantis,
1072 1031 1144 1092 puta

91 1109 185 1164 hacc:
201 1111 337 1181 Accepit
350 1128 484 1182 panem,
501 1114 632 1186 pratitas
647 1115 726 1185 epit,
744 1114 888 1188 deditque
900 1112 1064 1184 discipulis
1075 1109 1144 1166 suit

91 1199 218 1252 dicens:
235 1200 377 1270 quaedam
395 1212 464 1257 sunt
475 1202 600 1257 Domini
616 1203 780 1273 loquentis,
798 1217 866 1274 puta
882 1203 972 1257 haec:
988 1199 1143 1272 Accipite,

91 1288 257 1357 comedite,
282 1289 341 1344 hoe
364 1296 411 1344 est
435 1307 553 1362 corpus
569 1308 680 1347 meum.
712 1292 783 1346 dam
807 1302 840 1345 tu
863 1291 939 1346 inter
953 1291 1030 1344 haec
1051 1288 1144 1369 uerba

91 1377 300 1447 Evangeliatae
312 1379 459 1437 recitantis
473 1381 646 1446 historiam,
664 1392 692 1435 et
706 1381 783 1436 inter
793 1381 884 1436 verba
897 1379 1009 1435 Christi
1019 1381 1144 1449 loquen-

91 1471 131 1523 tis
146 1470 271 1542 aliquod·
285 1471 371 1542 ponis
390 1471 575 1526 intervallum
592 1472 752 1542 temporis,
771 1472 799 1526 ia
816 1488 876 1541 quo
894 1470 1031 1526 Christus
1055 1469 1145 1524 dede.

92 1559 150 1626 rit,
173 1574 202 1614 et
218 1560 355 1632 discipuli
381 1563 553 1631 acceperint
567 1579 603 1616 ac
620 1565 751 1617 vocarint
768 1578 889 1633 panem,
915 1571 1020 1616 vorata
1045 1570 1144 1614 autem

93 1664 173 1720 pane
195 1659 257 1704 tum
272 1661 415 1721 sequatur
431 1651 565 1706 Christus
584 1653 701 1707 thecna:
727 1653 796 1706 Hoc
820 1660 866 1706 est
890 1667 1007 1723 corpus
1023 1666 1143 1719 meum,

93 1739 147 1792 ubi
170 1741 337 1794 necessario
361 1739 421 1794 iioc
445 1741 648 1796 demonstrant
670 1757 786 1813 eorpus
813 1741 941 1809 Christi,
967 1741 1034 1812 qnia
1059 1740 1143 1812 panis

91 1827 153 1898 jam
171 1827 273 1896 abest,
289 1840 358 1899 puta
376 1829 459 1883 datus
478 1839 506 1884 et
523 1843 679 1901 acceptus,
704 1819 783 1886 sorte
800 1842 829 1887 et
846 1842 1017 1891 comestas,
1038 1840 1072 1884 ut
1089 1845 1144 1901 per
1178 1897 1180 1901 7

91 1917 155 1973 hoc
173 1904 364 1974 demonstrari
388 1937 449 1974 non
475 1921 579 1992 possit.
615 1920 692 1994 Quis
716 1921 846 1976 hicnon
869 1923 963 1976 videat
990 1922 1142 1976 ridiculam

91 2016 176 2062 tuam
200 2009 405 2077 cogitationem
429 2011 477 2063 vel
503 2010 631 2064 stadium
656 2012 755 2082 potius
778 2010 906 2065 volentis
932 2020 959 2065 et
976 2009 1144 2081 quaerentis

91 2100 217 2154 errare?
251 2099 312 2153 Cur
329 2116 389 2154 non
412 2099 576 2154 observasti
594 2099 670 2154 hanc
687 2100 892 2168 Evangelistae
917 2117 1026 2155 vocem
1044 2098 1144 2154 dicen.

91 2187 149 2253 tis,
169 2203 227 2258 qua
243 2189 270 2251 ¹)
287 2189 365 2243 clare
384 2187 544 2256 significat,
562 2189 638 2246 inter
655 2191 813 2262 dicendum
829 2191 928 2244 datum
947 2206 1014 2243 esse
1026 2205 1143 2260 panem,

92 2289 123 2331 et
141 2277 213 2346 quid
231 2278 358 2344 dixerit,
375 2278 464 2335 addit:
481 2280 624 2351 Accipite
647 2287 677 2334 et
693 2281 858 2348 comedite,
882 2279 941 2335 ltoc
962 2286 1010 2333 est
1023 2265 1143 2349 corpus

91 2384 206 2421 cneum.
240 2367 290 2422 Ex
308 2384 367 2438 quo
386 2371 574 2438 perspicuum
593 2381 655 2438 est,
682 2371 829 2425 dationem
847 2372 929 2441 panis
952 2385 1017 2424 esse
1035 2369 1144 2421 iactam

91 2459 182 2512 timul
206 2457 264 2510 sub
281 2459 409 2513 dictione
427 2460 481 2513 atel
508 2476 575 2513 cnm
603 2461 750 2526 dictione,
776 2459 948 2514 sonantibus
971 2468 1000 2512 et
1023 2457 1143 2527 prolatis

92 2547 157 2603 istis
176 2549 277 2603 verbis
296 2549 420 2605 Christi:
446 2551 516 2604 Hoc
539 2557 585 2604 est
610 2566 726 2621 corpus
741 2567 859 2618 meum,
884 2560 914 2603 ut
939 2559 987 2603 tua
1004 2546 1144 2616 cogitatio

92 2652 220 2709 prorsus
236 2638 309 2692 nihil
328 2639 383 2707 sit,
410 2657 466 2712 qua
484 2656 589 2711 panem
612 2641 709 2693 datum
734 2640 896 2709 imaginaris
919 2650 984 2693 ante
1004 2638 1144 2710 prolatio.
1165 2697 1167 2703 s

93 2745 165 2782 rtem
182 2730 361 2796 verborum,
387 2730 465 2783 sicut
482 2730 511 2782 in
535 2730 611 2783 libro
629 2731 675 2783 vel
703 2746 830 2801 papyr0,
856 2729 955 2796 dedit,
981 2738 1046 2782 ante
1065 2728 1144 2781 hanc

94 2821 278 2883 orationem,
296 2819 364 2873 Hoc
375 2827 423 2873 est
435 2814 684 2890 corpus'meum,
701 2822 830 2890 ponitur.
864 2819 1048 2887 lgittnjnxtn
1061 2830 1143 2871 tuum

93 2923 217 2962 sensum
236 2910 384 2977 augendus
410 2920 490 2964 esset
514 2897 613 2964 textus
631 2910 689 2962 hoc
706 2911 797 2963 modo
807 2904 820 2965 ε’
840 2909 974 2962 Christus
991 2909 1076 2976 fregit
1093 2908 1144 2962 tle.

94 2998 198 3069 alitque
216 2997 386 3067 discipulis,
405 3013 432 3051 et
450 2999 488 3052 illi
503 3010 682 3067 acceperunt
699 3011 729 3052 et
746 2999 955 3053 comederunt:
983 3011 1054 3052 tuac
1072 2997 1145 3051 dixit

94 3087 249 3143 Chrisms:
267 3089 337 3143 Hoc
354 3094 400 3141 est
415 3105 531 3159 eorpus
547 3106 647 3142 meum
661 3102 719 3143 etc.
753 3088 800 3143 Sic
813 3089 889 3142 enim
902 3099 933 3142 tu
947 3089 1057 3156 cogitas
1069 3104 1144 3143 mox

95 3193 164 3232 esse
182 3180 311 3246 factum,
335 3179 384 3231 ubi
402 3178 588 3247 Evangelista
604 3178 729 3232 verbum
749 3178 835 3232 dedit
859 3179 1015 3247 legendnm
1032 3178 1145 3232 descri-

96 3269 168 3339 psit,
184 3279 213 3322 et
230 3284 291 3322 non
308 3269 391 3323 vides
410 3271 520 3322 factum
537 3269 572 3322 ab
585 3268 769 3336 Evangelista
782 3269 994 3339 repraesentari
1012 3267 1059 3322 his
1077 3284 1145 3322 ver.

97 3357 159 3413 bis:
176 3359 322 3430 Accipite
339 3365 368 3411 et
384 3358 542 3426 comedite,
559 3357 617 3412 hoc
634 3365 680 3411 cst
691 3374 807 3429 corpus
819 3375 929 3411 meutn.
965 3358 1043 3412 Nam
1056 3356 1143 3427 linge,

95 3458 127 3501 te
144 3447 250 3503 adesse
268 3465 378 3503 coenae
397 3449 436 3502 illi
453 3449 564 3519 primae
582 3448 707 3507 Christi,
725 3458 919 3518 spectareqtte
937 3456 967 3500 et
984 3446 1144 3500 observare

95 3535 249 3591 Christum
268 3528 400 3606 agentem
418 3548 445 3589 et
457 3537 637 3608 loquentem.
670 3538 726 3590 Hic
738 3537 805 3590 vide
816 3551 920 3589 manas
938 3536 1018 3602 ejus,
1037 3536 1144 3606 quibus

96 3628 203 3697 accipit
220 3643 344 3697 panem,
370 3625 443 3680 nihil
461 3626 614 3680 dicensde
632 3626 745 3693 dando,
772 3627 823 3680 sed
843 3625 986 3678 retinente
1008 3625 1037 3678 in
1054 3624 1145 3678 titani.

96 3715 154 3772 bus
172 3733 299 3787 panem,
327 3718 441 3786 profert
458 3715 583 3783 gratias,
602 3716 699 3782 gratiis
718 3715 791 3768 actis
809 3717 913 3768 iterum
930 3724 1008 3766 tacet
1026 3723 1055 3767 et
1072 3713 1144 3769 nihil

97 3807 134 3859 de
152 3807 249 3860 dando
267 3806 352 3874 dicit,
379 3806 430 3860 sed
449 3806 558 3876 profert
576 3805 651 3858 haec
669 3805 772 3860 verba:
797 3804 958 3875 Accipite,
982 3803 1144 3871 comedite,

99 3897 159 3951 Itor
175 3903 357 3966 estcorpus
374 3912 484 3950 mettin.
520 3895 578 3949 Sub
595 3897 640 3948 his
660 3894 756 3949 verbis
776 3896 822 3948 vel
841 3909 915 3948 mox
932 3903 1000 3964 post
1017 3895 1078 3965 ipsa
1095 3904 1146 3947 aut

100 4002 168 4039 cum
188 3985 277 4053 ipsis,
294 3995 323 4038 et
339 4001 399 4038 non
417 3984 585 4038 necessario
603 3995 685 4051 ante,
712 3984 773 4052 ipsa
791 3983 821 4036 iit
838 3982 932 4048 datio,
953 3995 984 4037 ttt
1001 3983 1079 4051 cogit
1095 4000 1146 4038 aa.

98 4085 160 4129 tura
186 4073 255 4128 facti
281 4083 311 4127 et
328 4073 466 4127 historiae
491 4072 618 4137 sentire,
643 4081 674 4125 ut
694 4088 783 4126 nemo
808 4072 900 4142 possit
917 4088 1167 4143 negarepanem,

99 4166 195 4221 dattttn
214 4179 281 4218 esse
296 4181 404 4234 corpas
417 4178 521 4228 suum,
539 4174 570 4217 ut
583 4163 660 4234 quod
674 4163 768 4217 dando
787 4162 912 4234 appellat
924 4180 1034 4235 corpus
1047 4180 1143 4218 saum.

146 4357 274 4412 lidorii.
291 4358 371 4410 istim:
389 4357 450 4415 quia.
