2558 4726
121 341 182 407 tse
595 332 685 410 isat.

111 496 239 567 judicio.
272 496 323 555 Sic
345 498 456 557 Caesar
473 494 521 557 'est
543 500 683 557 dominas
708 506 738 555 et
763 492 906 554 defensor
927 493 1017 553 etlam
1032 488 1166 553 'snomm

113 598 218 643 contra
235 602 370 660 parentes
390 603 547 661 tyrannos,
572 590 675 645 aDeo
699 589 860 645 ordinatus.
894 586 990 663 Quod
1012 586 1038 643 si
1059 586 1167 643 Caesar

110 677 174 731 noir
192 677 339 747 defendit,
364 678 464 751 proles
488 678 566 734 ferre
588 677 677 734 debet
701 687 851 749 paternam
866 674 1065 749 tyrannidem.
1097 674 1166 729 Me.

110 765 184 820 mini
201 766 238 821 de
253 767 312 822 hae
330 784 362 823 re
379 768 509 823 libellum
526 785 542 822 a
559 783 607 821 me
626 766 744 821 editum.
777 766 859 821 Haec
876 764 950 820 ratio
975 764 1051 819 mihi
1076 762 1164 819 bodie

115 866 181 925 est,
204 857 305 928 utqui
320 859 445 924 volunt,
466 857 554 912 facile
571 866 625 911 eos
642 852 827 911 concordem
845 854 1014 909 secundum
1034 851 1165 921 Evange.

115 945 208 1013 lium,
224 946 274 1018 qui
292 946 415 1014 nolunt,
432 960 506 1000 mox
519 962 540 1003 ,a
556 960 606 999 me
624 944 657 997 ad
676 942 832 999 Caesarem
851 942 991 1013 relegem.
1024 942 1073 997 Sic
1089 942 1163 996 enim

112 1045 192 1089 tutus
217 1050 294 1089 sum.
328 1034 389 1109 Qui
412 1026 491 1093 enim
515 1035 618 1089 nolunt
641 1032 837 1103 Evangelium
858 1031 978 1100 audire,
1001 1030 1163 1103 Evangelio

110 1141 171 1180 nec
186 1124 243 1180 frui
263 1124 382 1179 debent.
835 1116 838 1121 ’
1060 1148 1063 1153 ·

175 1234 252 1291 Illud
268 1250 341 1289 vero
358 1233 497 1289 cavillum
514 1242 562 1289 est
585 1232 761 1302 ridiculum,
785 1232 868 1305 quod
889 1233 983 1287 verba
1004 1232 1043 1287 ds
1066 1232 1163 1289 futuro

110 1341 171 1382 non
188 1324 332 1395 obligent:
356 1325 415 1380 scit
430 1336 492 1379 tota
512 1320 691 1391 Germania,
708 1326 733 1391 ¹)
749 1322 832 1394 quod
849 1333 950 1378 nostra
966 1322 1068 1392 lingua
1084 1338 1164 1396 prae.

108 1423 226 1471 sentem
242 1413 372 1467 animum
388 1421 418 1467 et
434 1422 620 1484 praesentem
637 1413 870 1482 promissionem
886 1410 951 1467 istis
975 1410 1080 1469 verbis
1104 1412 1165 1467 elo.

110 1503 230 1576 quitur:
255 1502 307 1568 tto
323 1498 380 1558 elil
396 1500 451 1567 ald
469 1500 570 1563 enirm
598 1500 636 1565 tn
652 1499 709 1558 nltl
726 1498 781 1564 tta
798 1503 918 1560 netues.
953 1498 1048 1575 Quod
1072 1501 1099 1556 si
1115 1516 1163 1555 eo

108 1592 178 1665 pula
192 1592 221 1653 ²)
238 1606 401 1662 corporum
418 1601 448 1646 et
465 1590 597 1660 impletio
619 1589 826 1662 promissionis
852 1589 949 1644 sutura
973 1589 1038 1644 istis
1061 1589 1161 1645 verbis

107 1680 291 1750 intelligitur,
308 1678 442 1753 nunquid
458 1678 524 1751 ipse
540 1696 661 1751 quoque
678 1680 791 1734 animus
810 1690 859 1735 aut
869 1678 1031 1751 promissio
1042 1694 1163 1753 quoque

107 1770 203 1825 sutura
220 1776 319 1842 potest
335 1768 475 1838 intelligi?
491 1766 517 1833 ³)
551 1766 625 1823 Non
641 1770 720 1823 enim
736 1768 818 1822 aliter
832 1782 940 1840 posses
956 1768 1027 1823 illud
1039 1766 1164 1825 Germe.

108 1861 226 1917 nisum:
253 1858 305 1927 {lm
320 1857 376 1917 nid
394 1858 448 1924 lid)
465 1856 565 1923 balta,
591 1858 680 1913 latine
696 1868 832 1925 vertere,
857 1868 952 1929 quarn·
970 1872 1027 1928 ego
1043 1858 1119 1913 volo
1134 1868 1163 1913 ts

111 1950 243 2018 habere,
267 1950 335 2020 vel,
353 1948 426 2004 volo
442 1959 472 2004 te
488 1947 643 2019 accipere,
664 1947 776 2003 etiamsi
795 1946 974 2001 adverbum
989 1948 1162 2003 transieras.

112 2044 155 2097 At
170 2040 243 2095 volo
267 2047 313 2094 est
336 2038 501 2111 praesentis
522 2038 658 2093 verbum.
691 2036 739 2092 Sic
756 2028 787 2103 ⁴)
811 2036 972 2109 loquimur.
1005 2036 1062 2091 Sed
1084 2038 1162 2109 juris

111 2131 232 2202 quidam
247 2120 410 2195 consultiS)
428 2126 498 2181 illud
513 2126 560 2182 sic
577 2124 729 2181 somniant'
740 2124 829 2181 verti:
845 2124 897 2191 Stil
905 2123 960 2183 llll!
974 2122 1029 2193 tlte
1039 2128 1165 2192 uebatur·

109 2219 139 2272 ld
156 2228 220 2288 eet,
239 2229 337 2274 erote
355 2217 509 2287 accipere,
524 2218 573 2271 vel
584 2218 758 2277 infuturum
769 2224 796 2269 te
813 2214 973 2285 accipiam,
989 2232 1053 2288 quo
1063 2226 1162 2271 tamen

110 2306 176 2378 ipso
192 2308 286 2360 modo
301 2306 400 2359 nullus
416 2305 587 2361 Germanus
610 2304 745 2373 intelligit
768 2305 897 2358 luturam
914 2306 1161 2375 promissionem,

110 2397 286 2451 aesomnes
304 2406 502 2465 praesentem.
537 2393 617 2468 Quin
635 2394 660 2448 u
679 2376 764 2465 ,aar
788 2394 873 2450 arcti:
899 2394 975 2449 tabo
998 2395 1052 2449 nn
1075 2396 1164 2451 attam

97 2479 258 2554 uxorem,
283 2484 452 2554 intelligitur
472 2485 635 2556 promissio
662 2470 823 2556 praesentis
841 2486 944 2543 animi:
970 2487 1079 2559 alioqui
1103 2506 1165 2543 non

114 2576 223 2644 video,
248 2575 401 2647 quomodo
425 2574 523 2644 possis
547 2573 636 2628 liliam
656 2575 846 2646 promittere,
867 2576 923 2631 nisi
945 2577 1040 2631 verbo
1064 2579 1165 2633 futuro

111 2674 297 2740 praesentem
321 2665 451 2719 animum
474 2674 505 2718 et
528 2664 758 2735 promissionem
784 2664 894 2721 firmes.
927 2667 1059 2722 Verbum
1087 2686 1163 2723 vero

115 2752 275 2829 praesente,
298 2754 355 2822 do,
375 2753 513 2825 caelpio,
539 2764 585 2808 est
602 2754 701 2825 potius
720 2754 852 2810 solennis
870 2758 994 2829 copulae
1009 2752 1041 2823 ⁶)
1058 2767 1086 2811 et
1103 2759 1166 2829 ipsa

113 2845 233 2903 traditio
249 2845 333 2899 realis
351 2854 386 2897 ac
410 2844 595 2914 personalis,
619 2858 693 2914 quae
716 2845 863 2914 sponsalia
885 2846 943 2901 dici
969 2846 1025 2902 nisi
1051 2846 1087 2901 ab
1113 2848 1166 2902 im.

112 2935 216 3010 peritis
232 2933 412 3004 nugigerulis
430 2949 490 2987 non
507 2942 641 3002 possunt.

180 3053 300 3108 Summa
318 3058 347 3105 et
364 3048 481 3103 Caesari
499 3064 574 3118 opus
591 3047 642 3101 hic
657 3056 702 3103 est
718 3047 841 3123 ἐπιεικίᾳ,
857 3052 933 3107 sicut
944 3061 973 3107 et
986 3051 1015 3107 in
1027 3048 1166 3108 omnibus

117 3143 197 3211 aliis,
221 3151 255 3196 ut
270 3158 328 3195 nec
345 3138 515 3211 parentibus
533 3138 679 3193 saeviendi
698 3148 728 3190 et
747 3140 961 3211 proterviendi,
987 3158 1089 3198 rursus
1107 3159 1164 3199 nec

116 3232 183 3289 filiis
199 3230 324 3287 audendi
340 3234 369 3282 et
384 3228 590 3282 contemnendi
611 3228 761 3283 licentiam
785 3230 933 3301 praebeat.
964 3232 1033 3288 Nos
1056 3235 1166 3305 quibus

118 3339 189 3378 cum
205 3321 281 3393 piis,
301 3317 503 3385 audientibus,
528 3316 706 3385 mansuetis,
730 3320 873 3388 agendum
891 3332 954 3391 est,
981 3323 1035 3377 ista
1053 3323 1167 3378 iucem,

116 3414 206 3469 moda
229 3429 290 3466 non
313 3419 452 3480 gravant,
477 3407 500 3461 si
523 3406 662 3463 volumus
686 3424 799 3481 sapere.
832 3410 905 3466 Vale
921 3423 951 3466 et
967 3429 1018 3466 ora
1036 3431 1091 3485 pro
1109 3418 1166 3468 me.

36 3582 39 3587 Ι
118 3501 307 3568 nsanuarit,
323 3496 520 3555 MDXXVII.

748 3627 757 3687 Ι·
841 3604 990 3663 Martinus
1009 3608 1137 3667 Luther.
1164 3592 1166 3597 ¹

172 3942 192 3990 t)
206 3938 300 3983 Anrll.
315 3950 348 3984 se.
362 3940 415 3984 tota
428 3937 553 3983 Germania
567 3934 638 3981 novit
693 3936 715 3989 2)
729 3933 822 3980 Auris.
840 3934 918 3992 eopia.
967 3937 991 3984 ὅ)
1009 3936 1103 3981 a'nril.
1123 3938 1165 3982 int.

121 4012 173 4070 pol.
197 4010 364 4062 dinariisi.
389 4010 906 4065 stands.constratu,stettnntsem'rtrt.
930 4010 1054 4065 dlnurll.
1069 4009 1162 4064 copula.
