2558 4726
602 362 693 427 4525.
1132 359 1173 424 id

102 520 166 570 tut.
200 513 285 571 Vera
303 524 351 572 est
366 518 467 590 itaque
484 519 582 587 sama,
598 535 646 574 me
664 535 732 573 esse
746 529 814 572 cum
828 515 983 572 catharina
1000 515 1099 571 subito
1118 532 1169 572 eo.

103 609 263 676 putatum,
281 609 441 679 ante'quam
454 626 506 663 ora
518 626 643 678 cogerer
657 609 756 663 audire
769 609 948 662 tumultuosa
967 609 1072 672 inme,
1090 607 1169 663 sicut

105 698 188 752 solet
206 697 285 752 fieri.
321 702 416 769 Spero
434 700 512 752 enim
527 715 576 753 me
592 699 684 754 breve
702 710 819 769 tempus
838 699 932 752 adbuc
948 698 1116 763 victurum,
1137 705 1169 752 et

103 785 170 841 boc
187 788 393 842 novissimum
411 788 591 859 obsequium
603 789 716 860 parenti
728 807 797 842 meo
814 789 973 859 postulanti
985 787 1065 841 nolui
1079 788 1167 842 dene.

104 893 178 947 gare
193 894 254 949 spe
277 879 391 948 prolis,
415 878 502 934 simul
527 888 560 933 ut
583 880 758 933 confirmem
780 880 857 932 sacto
881 895 957 948 quse
979 877 1085 945 docui,
1106 888 1167 932 tam

104 968 221 1023 multos
240 967 362 1022 invenio
378 968 579 1039 pusillanimes
597 969 721 1023 intanta
739 968 806 1022 lucc
822 967 986 1036 Evangelii.
1020 967 1068 1021 Sic
1081 966 1166 1023 Deus

107 1058 206 1113 soluit
222 1067 255 1112 et
270 1058 354 1112 fecit.
384 1057 453 1127 Ego
472 1058 549 1112 enim
561 1073 618 1112 nec
635 1073 702 1111 amo
712 1074 770 1113 nec
786 1069 905 1124 aestuo,
924 1057 977 1112 scd
989 1055 1076 1125 diligo
1092 1071 1168 1110 uxo.

107 1166 183 1204 rem.
215 1148 313 1203 Dabo
330 1149 430 1220 itaque
442 1149 577 1220 proxima
594 1149 664 1202 feria
680 1149 765 1203 tertia
783 1148 903 1220 epulum
919 1148 949 1202 in
966 1146 1167 1203 testimonium

110 1239 245 1312 conjugii
257 1238 339 1307 mei,
355 1238 407 1293 ubi
424 1239 548 1293 aderunt
558 1249 704 1310 parentes.
737 1238 784 1292 Te
801 1238 897 1310 itaque
909 1237 1013 1293 adesse
1026 1237 1166 1293 omnibus

109 1328 207 1383 modis
219 1328 322 1395 volui,
338 1345 447 1399 quare,
464 1339 495 1383 ut
508 1345 614 1382 vocare
627 1328 785 1396 constitui,
802 1328 839 1382 ita
853 1345 932 1383 nunc
944 1343 1024 1382 voco
1036 1337 1066 1382 et
1077 1344 1165 1398 rogo,

108 1435 148 1472 ae
163 1419 267 1485 desis,
284 1417 312 1491 si
327 1418 391 1472 ullo
406 1417 498 1485 modo
516 1426 611 1487 potes.

173 1506 267 1561 Fama
284 1506 323 1559 de
339 1505 483 1560 Eiectore
501 1507 571 1559 salsa
588 1515 633 1560 est
642 1546 651 1576 ‚
669 1507 721 1560 sed
735 1505 977 1577 Menningensis,
993 1507 1165 1563 Mellersta.

107 1596 225 1663 tensis,
248 1594 479 1662 Neustatensis,
504 1595 728 1664 Marstatensis‚
755 1612 823 1650 cnm
845 1596 908 1650 aliis
926 1597 1029 1650 decem
1046 1598 1161 1669 oppidis

108 1685 258 1740 dederunt
272 1699 310 1738 se
326 1683 356 1736 in
372 1684 492 1753 gratiam
508 1683 677 1751 Electoris,
696 1684 780 1755 isque
798 1685 837 1739 ibi
854 1686 929 1754 agit,
946 1696 979 1739 ut
997 1688 1092 1740 omnia
1111 1703 1162 1758 pa.

108 1773 194 1828 cifice
212 1776 445 1842 componantur.
478 1773 564 1827 Certa
581 1788 629 1828 res
647 1783 692 1827 est
710 1773 739 1827 in
755 1774 917 1830 Franconta
934 1790 1019 1830 cnesa
1036 1791 1103 1830 esse
1117 1776 1162 1832 nt

106 1865 197 1918 millia
210 1863 398 1918 rusticorum
414 1863 445 1917 in
461 1863 555 1918 tribus
572 1863 648 1918 locis
662 1863 770 1930 divisa,
787 1875 888 1933 captae
900 1863 970 1919 th
982 1851 1161 1920 bombardae

106 1954 221 2022 bonae,
241 1966 298 2007 arx
315 1936 590 2020 Wirtenbe'rgensis
610 1952 739 2007 liberata.
773 1942 933 2008 Casimirus
950 1953 1094 2008 Marcbio
1112 1972 1163 2009 ve.

106 2042 269 2098 hementer
290 2043 385 2097 saevit
408 2042 438 2096 in
453 2057 544 2109 suos,
567 2042 607 2096 ob
624 2042 713 2097 fidem
729 2042 776 2098 bis
797 2043 946 2098 violatam.
979 2044 1014 2098 ln
1030 2044 1163 2099 Wirten.

106 2132 250 2203 bergensi
274 2132 383 2186 ducam
398 2131 440 2186 v1
455 2131 544 2185 millia
560 2146 647 2185 caesa
667 2141 753 2196 sunt,
775 2131 842 2186 alibi
864 2132 894 2185 in
910 2131 1015 2186 Suevia
1031 2133 1060 2190 X
1074 2133 1164 2189 millia
1215 2127 1218 2137 '

109 2222 239 2278 dirersis
250 2222 347 2276 locis:
364 2222 472 2288 fertur,
488 2219 610 2275 Ducem
621 2217 830 2290 Lotltaringiae
843 2220 873 2274 in
883 2221 993 2276 Alsatia
1004 2222 1059 2278 XX
1072 2201 1164 2280 miliia

108 2313 268 2369 eccidisse.
303 2311 352 2365 Sic
375 2310 483 2382 ubique
513 2309 675 2364 caeduntur
691 2309 792 2364 miseri
816 2310 927 2366 rustici.
960 2309 1030 2366 dam
1046 2312 1162 2369 Baben.

105 2403 272 2473 bergenses
286 2400 357 2471 quid
370 2401 526 2471 patiantur,
544 2409 726 2469 expectatur.
756 2398 1162 2473 NihilominusinBrisgavia
1258 2459 1260 2462 ,

106 2495 206 2548 adbuc
224 2502 351 2564 pergunt
368 2490 558 2545 seditionibus
582 2500 612 2543 et
634 2490 663 2543 in
680 2490 822 2544 comitatu
838 2491 967 2559 Tirolis,
991 2504 1023 2545 ut
1041 2493 1077 2548 ab
1094 2494 1162 2550 Ins.

106 2587 203 2657 prnck
224 2600 322 2654 usque
340 2582 374 2635 ad
385 2580 562 2635 Tridentum
579 2581 677 2634 omnia
694 2581 723 2634 in
742 2592 823 2635 motu
842 2583 901 2636 sint
918 2584 1021 2651 fugatis
1034 2584 1160 2656 Episco.

106 2678 152 2748 pis
168 2673 325 2730 Brixiensi
354 2683 382 2725 et
404 2671 588 2725 Tridentino.
621 2671 697 2725 Dux
721 2670 868 2743 Georgius
895 2672 1012 2727 comitia
1037 2674 1160 2730 habebit

107 2761 248 2836 proxima
265 2763 336 2815 feria
353 2765 379 2813 2,
397 2761 426 2813 in
444 2759 564 2814 Dcssau
582 2775 651 2812 curn
668 2759 848 2813 Marchione
871 2769 900 2813 et
914 2759 1069 2834 Episcopo
1087 2762 1159 2818 Mo.

109 2854 244 2923 gumtino.
278 2851 396 2904 Rumor
418 2860 479 2914 est,
502 2848 582 2917 quod
599 2863 646 2899 me
668 2847 704 2900 sit
719 2847 912 2917 Witenberga
929 2850 1092 2920 petiturus,
1117 2853 1160 2906 in-

107 2948 190 2997 tatus
210 2956 371 2997 successu:
399 2939 490 2992 credit
506 2954 553 2990 me
570 2936 696 2990 similem
712 2953 779 2990 esse
796 2937 943 2991 Munzero
966 2939 996 2993 in
1014 2940 1160 2997 doctrina.·

108 3036 247 3089 Christus
272 3041 371 3083 autem
389 3028 468 3081 dabit
490 3027 619 3096 gratiam.
653 3025 715 3080 Vos
732 3027 846 3093 videte,
870 3045 906 3081 ne
924 3028 1158 3099 Magdcbnrgam

107 3138 195 3196 perat.
240 3120 311 3173 Vale
338 3129 368 3170 et
390 3136 445 3189 pro
468 3133 515 3171 rue
541 3133 600 3171 orn.
640 3116 724 3170 Feria
745 3113 770 3171 lt.
795 3128 864 3190 post
890 3118 1005 3192 Corpus
1028 3119 1157 3192 Christi,

107 3232 181 3268 anno
200 3208 369 3267 stom.

132 3550 180 3606 25.
198 3542 349 3612 Sutrini·
857 3540 909 3597 N⁰.
926 3541 1121 3599 Dccxxtt'.

495 3674 542 3743 ttn
565 3672 777 3750 finntnrtn.

333 3815 489 3866 wirbtrbtttt
502 3816 636 3867 dictasunt
651 3823 700 3864 aunt
715 3811 928 3870 subtritiomaut.

564 3935 704 3947 ————=-

112 4029 307 4079 &nuditus
323 4041 346 4084 p.
363 4029 389 4075 'tt
417 4025 649 4082 ‘structorias
665 4025 734 4072 f253
760 4023 1150 4078 vruttdtrrtssttdrfflsso.
