2558 5048
183 326 243 394 2³⁴
282 294 284 298 ’
401 340 404 347 ·
660 328 751 401 aaut.

185 486 265 542 Nam
284 464 383 559 regula
399 467 474 546 haee
489 506 548 546 non
566 486 655 545 habet
671 491 721 545 hic
739 492 857 557 locum,
879 487 940 546 nisi
952 486 1124 560 probaverit
1142 484 1226 543 ambi.

182 579 318 645 guitatem
337 581 401 635 sive
419 582 447 636 in
464 582 618 635 vocabulis
637 583 700 636 sive
718 583 745 635 in
763 582 889 652 syntaxi.

249 668 403 738 Secundo,
421 673 500 741 quod
515 672 640 725 multum
654 673 820 739 contendis,
838 671 990 725 Christum
1002 670 1133 724 Joannis
1143 677 1224 723 sexto
1255 691 1258 697 ·

183 757 366 828 definivisse,
385 760 448 827 ubi,
467 763 631 832 quomodo,
648 761 766 832 quibus,
784 762 914 831 quando,
930 760 1066 849 quoties,
1083 774 1146 829 quo
1160 770 1226 815 oona

182 847 265 915 silio,
290 849 398 919 quibus
421 842 624 904 instrumentis
643 866 753 919 corpus
770 866 858 903 suum
880 850 980 904 datum
1003 848 1096 903 ait·in
1112 848 1223 915 cibum,

181 936 269 992 laudo
286 950 426 993 conatum
450 948 534 993 tuum
551 940 763 994 rhetoricaudl:
790 941 861 1006 sed,
885 940 925 994 mi
944 939 1009 1008 vir,
1033 938 1097 993 lroc
1112 938 1193 993 nosti
1210 950 1224 991 a

181 1040 230 1079 me
247 1042 308 1081 non
324 1027 439 1096 negari,
463 1044 520 1082 nec
545 1038 606 1083 erat
624 1044 700 1099 opus
720 1044 757 1083 eo
773 1026 900 1099 produci
915 1028 1043 1083 Joannis
1061 1038 1150 1097 caput
1163 1040 1225 1081 aex·

181 1124 245 1170 turn
255 1156 264 1182 ,
286 1117 447 1193 milri-satis
463 1130 567 1171 notum
585 1130 649 1185 est,
674 1135 709 1171 ac
727 1118 793 1172 scio
812 1116 851 1172 ibi
868 1118 972 1173 doceri
989 1132 1102 1191 corpus
1120 1116 1225 1172 curtrt

180 1221 234 1260 seu
246 1207 345 1278 potius
364 1223 484 1261 carnem
496 1190 607 1261 Cirristi
625 1224 691 1263 esse
709 1210 870 1262 animarum
886 1208 996 1263 cibum.
1030 1208 1144 1263 lterum
1160 1206 1224 1275 agia,

182 1299 262 1367 quod
279 1298 422 1365 agendum
440 1307 503 1364 est,
530 1298 751 1368 exparticulari
768 1298 857 1352 infers
875 1297 1079 1365 exclusis-arn,
1103 1297 1225 1353 scilieet:

182 1388 290 1439 (luisti
309 1404 378 1441 caro
395 1388 519 1441 docetrlr
536 1388 633 1458 cupite
650 1400 738 1442 sexto
751 1388 920 1447 manducari
936 1388 1143 1459 spiritualiter,
1160 1402 1227 1457 erga

181 1476 293 1530 Christi
314 1493 382 1530 caro
400 1478 528 1531 docetur
543 1479 713 1531 manducari
737 1474 849 1533 tantum
865 1470 1065 1547 spiritualiter:
1091 1478 1143 1531 ubi
1161 1476 1227 1532 didi.

180 1565 246 1619 cisti
262 1563 340 1619 itanc
358 1566 563 1622 dialecticam?
595 1567 773 1639 Manducari
790 1567 978 1638 spiritualiter
993 1576 1038 1621 est
1056 1565 1135 1621 idem
1153 1564 1228 1638 quod

180 1654 348 1708 manducari
373 1665 484 1709 tantum
503 1657 706 1725 spiritualiter,
732 1658 781 1710 vel
797 1658 878 1727 qrrod
898 1656 1007 1711 christi
1025 1672 1097 1710 caro
1114 1654 1229 1728 spiritu.

181 1745 265 1798 aliter
281 1746 462 1813 comeditur,
489 1764 560 1815 ergo
577 1764 637 1801 noo
655 1756 754 1818 potest
778 1748 863 1800 etium
886 1746 1082 1816 corporaliter
1104 1743 1228 1801 comedi.

182 1834 316 1888 Ostende
335 1837 433 1888 locum
449 1834 574 1889 dounnis
592 1834 657 1902 l⁷t.,
680 1836 730 1906 qui
748 1830 826 1889 itanc
843 1835 1088 1907 consequentiam
1106 1832 1227 1905 probet,

181 1940 269 1994 quam
287 1935 318 1978 tu
336 1924 385 1977 laic
403 1922 496 1993 lingis.
531 1926 693 1999 Quomodo
712 1941 836 1995 possum
854 1926 977 1980 credere
1001 1937 1031 1979 te
1056 1925 1116 1979 isto
1140 1925 1229 1997 syllo-

180 2014 276 2082 gismo
303 2013 434 2078 moveri,
460 2026 540 2068 certe
569 2016 618 2070 illo
644 2032 699 2070 uos
724 2033 782 2070 uon
807 2030 895 2087 posse
911 2016 1026 2069 moveri
1050 2014 1182 2070 arbitror
1202 2023 1228 2068 tt

180 2105 265 2174 plane
277 2105 388 2159 videre.
422 2103 501 2159 Num
519 2106 621 2159 eadem
633 2106 845 2177 consequentia
857 2105 984 2160 dixeris·
996 2104 1064 2161 Gal.
1079 2104 1132 2159 lV.
1148 2105 1229 2161 Glari-

181 2205 245 2249 stus
263 2194 452 2265 spiritualiter
467 2194 579 2265 paritur
596 2196 623 2249 iu
642 2196 771 2263 Galatis,
790 2212 862 2261 ergo
879 2213 939 2251 non
955 2206 1054 2266 potest
1072 2196 1230 2266 corporali.

181 2292 228 2336 ter
245 2284 306 2355 pari
324 2283 360 2336 de
377 2284 487 2339 Maria:
506 2283 644 2339 Christus
661 2284 771 2339 habitat
788 2286 974 2355 spiritualiter
992 2284 1021 2338 in
1038 2285 1226 2341 credentibus

181 2372 296 2442 Epires.
314 2373 369 2439 11„
386 2390 457 2441 crgo
474 2390 533 2428 non
552 2384 651 2444 potest
668 2374 861 2444 corporaliter
877 2375 1008 2428 habitare
1025 2362 1243 2445 Capemaums

182 2471 232 2515 aut
249 2462 277 2515 in
295 2462 398 2516 coelo:
424 2462 562 2517 Christus
580 2463 758 2531 curcifigitur
774 2463 963 2535 spiritualiter
979 2462 1047 2519 Gal.
1064 2463 1140 2532 nt„
1163 2474 1229 2535 ergo

183 2568 243 2605 uon
260 2561 361 2621 potest
378 2554 570 2621 corporaliter
587 2553 716 2622 crucifigi
734 2552 883 2606 adudaeis
901 2553 930 2607 in
947 2569 1049 2607 cruce.
1082 2553 1124 2608 Et
1141 2554 1243 2623 hujus·

182 2641 297 2709 generis
315 2640 420 2694 infinita
438 2653 562 2712 possunt
580 2643 698 2701 arlduci,
717 2654 748 2696 ut
766 2644 801 2696 de
820 2653 912 2711 tactu,
937 2643 1021 2709 visu,
1039 2643 1158 2711 auditu,
1176 2644 1229 2714 spi.

182 2731 351 2799 ritualibus,
369 2744 400 2785 ut
414 2743 557 2801 negentur
569 2734 763 2802 corporaliter
776 2732 837 2786 lieri
850 2734 993 2803 potuisse.
1016 2734 1106 2787 Vides
1120 2733 1225 2805 itaque,

183 2824 210 2876 iu
230 2826 344 2892 qrrruttis
363 2822 476 2876 deficiat
495 2823 554 2875 lroc
577 2836 659 2876 tuum
686 2836 905 2891 argrrmenuun,
930 2825 1055 2889 scilicet,
1082 2826 1164 2895 quorl
1190 2838 1225 2878 ex

183 2913 301 2965 delinito
320 2914 389 2964 facis
408 2912 608 2979 exclusivum,
635 2913 738 2966 ‹leiude
757 2914 835 2983 quod
862 2914 963 2966 locum
978 2912 1105 2967 «Ioannis
1123 2914 1177 2969 Vl.
1195 2912 1226 2967 ud

183 3003 283 3055 lorum
301 3018 411 3055 cirenae
431 3018 484 3072 per
500 3002 557 3055 ritu
576 3013 695 3071 tor-qraes
715 2999 831 3056 ernilnt
849 3003 968 3073 probas

248 3093 371 3159 Tertio,
390 3092 468 3161 qrrod
488 3092 556 3144 satis
576 3094 659 3159 longa
680 3102 707 3145 et
725 3108 814 3163 paene
833 3094 958 3146 obscura
977 3092 1160 3147 verbositate
1184 3108 1228 3146 ur·

183 3197 249 3249 ges,
269 3182 454 3252 pugnantiam
473 3197 538 3234 esse
556 3182 583 3233 in
602 3194 701 3234 nostra
719 3182 877 3246 sententia,
897 3182 1048 3250 videlicet,
1066 3185 1149 3254 quod
1167 3188 1227 3238 v'er-

185 3273 256 3325 bum
274 3272 359 3325 dedit
377 3273 495 3342 ponitur
512 3284 577 3323 aute
596 3271 674 3324 hunc
693 3284 822 3325 textum:
845 3275 910 3327 llor
928 3281 974 3327 est
991 3290 1108 3343 corpus
1120 3290 1226 3339 rurum,

184 3363 211 3416 id
238 3363 368 3430 efficere,
394 3375 424 3415 ut
443 3362 520 3415 datio
540 3363 601 3430 jam
629 3364 702 3416 lacta
726 3364 778 3430 sit,
806 3376 958 3434 antequam
977 3366 998 3415 f
1002 3363 1116 3417 hristus
1143 3366 1226 3417 dixit:

184 3455 254 3507 Hor
280 3460 326 3506 est
350 3470 466 3523 corpus
482 3469 603 3505 mrum:
629 3470 698 3521 ergo
724 3448 884 3521 discipulos
902 3470 1026 3506 necesse
1052 3464 1100 3508 est
1125 3468 1226 3524 panem

183 3543 338 3612 accepisse
356 3559 370 3594 a
390 3542 508 3594 liin-isto
527 3542 644 3605 ‹lat-rm,
666 3551 693 3595 et
712 3542 754 3594 sic
772 3542 846 3595 finita
865 3544 981 3595 (latione
999 3556 1027 3596 et
1045 3545 1224 3614 acceptioue,

183 3644 246 3687 tum
265 3632 415 3684 Christum
433 3632 557 3686 dixisse:
582 3633 651 3685 IIor
671 3634 716 3684 e'st
733 3648 849 3702 eorpus
866 3650 982 3698 mrum,
1006 3643 1039 3685 ut
1055 3634 1223 3687 necessario
1241 3659 1243 3663 Α

184 3725 217 3776 arl
236 3723 347 3776 (luisti
366 3739 474 3791 corpus
501 3723 683 3777 tutamentis·
703 3724 862 3791 pertineam
889 3740 957 3776 cum
975 3724 1037 3792 jam
1064 3737 1130 3777 ante
1150 3724 1243 3793 panit'

183 3816 222 3868 sit
239 3816 322 3867 ‹latus
350 3824 378 3866 et
404 3823 553 3884 acceptus.
591 3813 687 3879 Haec,
712 3814 765 3867 uisi
785 3815 882 3880 l'allor,
910 3826 956 3867 cst
981 3814 1025 3866 vis
1052 3825 1080 3867 et
1107 3815 1225 3871 lux‘illa

183 3904 266 3957 verbi
291 3903 390 3970 uertit,
415 3912 472 3955 tam
496 3902 647 3967 magnifice
673 3921 687 3955 a
714 3912 742 3956 le
769 3914 897 3957 tractatu.
932 3903 998 3970 Ego
1023 3921 1097 3959 vero
1121 3916 1151 3958 tc
1176 3919 1224 3976 per

184 3994 333 4049 Christum
352 4011 423 4062 uro,
440 4003 474 4048 ut
489 4004 588 4048 tecum
608 3995 669 4065 ipsc
683 3994 853 4049 consideres
870 4006 898 4047 et
913 3993 1075 4059 observem
1094 3995 1120 4050 si
1131 3993 1233 4067 potest
