2558 4726
208 329 269 393 282
686 332 775 399 1⁵23.

207 483 261 537 sed
283 492 313 539 et
330 484 421 540 literis
438 486 498 543 suis
516 486 565 545 M.
582 488 748 559 Stephanus
765 489 868 558 Roth,
891 488 965 545 licet
991 486 1157 561 obscure,
1182 498 1263 545 taran

207 562 321 628 tantum
345 575 535 646 significavit,
566 591 709 650 quamam
733 580 803 635 satis
829 580 938 633 estad
962 582 1163 635 movendam
1185 594 1264 635 men

207 663 444 733 solicitudinem,
460 685 535 738 quae
553 669 629 724 utin
649 670 750 741 paucis
766 670 851 725 malis
872 671 974 725 omnia
992 670 1081 726 mala
1099 671 1263 741 suspicit,

205 754 245 807 ita
262 763 292 807 et
309 754 405 809 onmia
423 767 484 811 tuta
500 756 592 813 timot.
627 761 763 825 sunama,
781 774 851 813 cum
869 758 914 813 sic
931 758 1074 827 doceas,
1093 768 1129 815 ut¹
1147 762 1260 830 interm

207 851 238 896 et
254 844 317 912 pios
335 845 417 900 viros
434 862 494 900 non
513 846 618 901 leviter
633 847 782 913 offendas,
807 848 880 901 satis
896 862 1049 915 magnum
1068 860 1263 919 argumentum

207 942 274 1000 est,
293 944 321 986 te
338 950 398 988 non
416 946 496 989 recte
514 935 550 989 ad
566 934 760 1005 Evangelium
777 934 933 999 incedere,
950 937 1078 993 sedvel
1096 936 1263 993 turbsmael

189 1033 325 1077 ¹aetnam
348 1024 384 1077 ad
409 1032 488 1077 tuam
512 1024 636 1092 gloriam
660 1036 804 1097 spectare.
835 1024 981 1097 Denique
1010 1027 1055 1081 de
1082 1028 1262 1083 sionnam

207 1120 267 1167 tam
292 1113 392 1182 frigide
413 1124 443 1169 te
460 1114 586 1180 docere,
609 1126 639 1170 et
662 1116 743 1185 quod
769 1114 834 1186 ipae
858 1130 875 1169 a
896 1117 1127 1173 communione
1152 1116 1263 1173 tanda

207 1202 354 1270 abstines,
381 1218 473 1273 quem
494 1218 553 1256 non
578 1213 696 1257 moveat
721 1204 843 1272 marito,
870 1219 909 1257 ne
933 1204 1019 1259 forte
1045 1206 1128 1278 quid
1148 1202 1261 1263 moesti

206 1292 288 1347 alus?

270 1380 417 1449 Proinde,
440 1382 603 1449 mistaten,
625 1392 653 1437 te
676 1383 784 1439 iterum
802 1401 875 1453 rogo
892 1400 946 1455 per
963 1382 1134 1443 Christum
1145 1386 1256 1453 snm,

205 1482 239 1525 ut
256 1471 369 1526 animoa
387 1472 550 1525 auditorum
568 1473 668 1542 potius
691 1472 778 1529 sedes
794 1490 882 1543 quam
902 1474 1071 1544 concites,
1097 1488 1130 1533 et
1145 1477 1257 1533 clara-ita.

207 1572 269 1613 tem
285 1577 319 1613 ac
338 1577 443 1630 pacem
460 1560 535 1615 inter
551 1576 657 1615 onrncs
675 1562 743 1616 alas.
777 1563 851 1616 Satis
869 1572 933 1629 est,
954 1564 1044 1634 quod
1062 1565 1155 1621 Satan
1169 1564 1254 1621 turbu

205 1662 234 1703 et
246 1650 404 1707 seditiones
418 1662 535 1717 movet,
552 1667 589 1704 ue
604 1667 659 1705 nos
678 1651 765 1705 etiam
781 1666 860 1705 anna
872 1650 1079 1711 exhibeamus
1092 1670 1152 1711 suo
1162 1654 1251 1721 staron,

205 1740 253 1794 cui
270 1741 394 1794 smumia
412 1741 522 1795 viribus
540 1741 637 1795 resisti
655 1741 796 1811 oportuit.
829 1739 918 1795 Nosti
941 1750 1071 1798 tuorum
1090 1744 1201 1799 civium
1216 1744 1251 1799 le.

204 1818 335 1895 sociam,
351 1840 382 1884 et
401 1830 545 1883 licentiam
558 1830 624 1900 plus
638 1846 724 1900 quam
738 1830 873 1897 civilem,
892 1840 924 1884 ut
936 1829 1090 1888 hacteuus
1108 1833 1249 1905 experien-

204 1919 243 1974 tia
257 1921 373 1975 docuit:
391 1920 459 1991 quid
478 1920 563 1987 igitur
580 1920 675 1988 ignem
688 1920 744 1989 igni
756 1919 843 1989 adjici
855 1936 931 1990 opus
944 1922 1013 1978 est?
1050 1922 1139 1979 Haeo
1148 1922 1246 1991 scribo,

204 2009 285 2081 quod
303 1998 422 2081 sperem
439 2020 466 2063 te
483 2008 633 2063 charitatis
652 2008 878 2063 admonitionem
893 2008 1022 2074 benigno
1050 2014 1154 2067 enimc
1170 2026 1245 2068 exce.

204 2112 325 2171 ptnrum
337 2114 421 2166 esse,
438 2114 494 2154 nec
511 2099 725 2152 infructuosam
737 2114 913 2169 passurum,
931 2114 969 2153 ne
981 2098 1105 2167 scilicet
1116 2116 1244 2173 cogamur

204 2189 352 2263 Principis
370 2190 438 2260 (per
453 2204 520 2243 sese
538 2188 607 2242 satis
624 2186 776 2258 occupati)
794 2186 978 2243 autoritatem
995 2200 1024 2243 et
1037 2205 1164 2247 manum
1178 2206 1243 2247 scm·

205 2296 260 2349 prr
277 2293 305 2333 et
323 2279 351 2332 in
369 2278 507 2333 omnibus
519 2277 629 2331 nostris
645 2274 736 2330 rebus
753 2276 928 2346 implorare,
944 2278 1026 2348 qnod
1038 2296 1099 2335 nec
1115 2280 1166 2336 tibi
1177 2280 1241 2335 salu.

205 2380 286 2432 tare,
313 2385 368 2423 nec
384 2368 468 2421 nobis
487 2368 648 2436 gloriosum
675 2368 769 2432 soret,
796 2367 907 2421 etiamsi
931 2368 1099 2425 necessitas
1124 2382 1239 2441 cogeret.

205 2459 356 2513 Dominus
373 2460 465 2513 lesus
483 2459 532 2511 dct
551 2457 600 2510 tibi
627 2456 761 2527 spiritum
779 2473 884 2524 suum,
910 2468 941 2510 ut
962 2458 1074 2527 iacias,
1101 2478 1175 2531 quae
1190 2461 1240 2531 pla.

206 2551 261 2602 cita
293 2550 349 2602 sint
381 2549 421 2613 ei,
457 2551 563 2602 Aruen.
609 2546 818 2615 ll'itcnber'gue
844 2547 889 2600 die
917 2547 1142 2619 Scliolasticae,
1175 2567 1238 2605 anno

206 2639 413 2695 MDxxvlll.

361 2749 364 2755 -
884 2726 1034 2783 Martinus
1053 2729 1212 2786 Lutherus.

238 3099 278 3152 22.
299 3093 459 3171 debriat.
948 3090 999 3148 N0.
1016 3093 1211 3152 Dccchn.

585 3242 632 3310 tin
656 3239 867 3339 spalatin.

358 3401 455 3453 illitum
469 3400 509 3445 tm
523 3398 707 3449 ulitirtrliidnn
721 3397 809 3455 pantu
824 3400 838 3442 t.
853 3399 896 3444 No.
912 3399 1093 3449 Dcccchll.

241 3654 292 3705 utin
306 3652 467 3699 duritaber
481 3652 508 3698 ll.
522 3653 580 3707 aiu,
604 3651 648 3696 ntlt
661 3651 738 3701 utrm
751 3652 817 3699 terti
832 3652 857 3696 tn
871 3652 1004 3701 donnini
1018 3652 1124 3706 uentris
1137 3653 1154 3699 l.
1167 3654 1204 3700 ill.

520 3723 619 3774 tuentia
633 3724 672 3773 ian
686 3723 750 3770 §ital
758 3724 778 3771 di
792 3723 857 3769 xxi.
869 3727 924 3770 109¹.

206 3863 351 3961 Gratiam
369 3915 397 3959 et
415 3920 527 3976 pacem.
562 3904 680 3959 Frustra
698 3915 795 3957 acirim
814 3914 873 3971 ost,
896 3903 1036 3975 quicquid
1051 3902 1190 3959 hactenus
1208 3900 1230 3951 in

205 4014 292 4051 caasa
316 3997 537 4051 Eiusidelorum
563 3996 692 4063 egimus,
721 3995 760 4048 mi
789 3995 943 4065 spalatina.
985 3993 1066 4049 Nam
1092 3990 1231 4066 responsio
