2558 4726
559 336 647 403 1528.
1059 333 1123 397 283

10 523 18 559 2
72 503 200 559 eorum,
217 509 273 563 per
289 493 399 549 amieos
417 492 497 550 Duci
514 493 628 564 oblata,
653 496 713 550 hoe
730 493 836 563 hahet,
859 495 990 548 facturos
1007 490 1122 546 scilicet

10 613 19 648 3
71 594 143 634 csse
159 580 349 650 Einsidelos‚
377 585 518 656 quicquid
540 586 671 656 Principi
692 584 846 653 Georgio,
869 601 929 637 uon
953 581 1033 653 quod
1047 581 1121 635 Deo

11 704 19 740 f
69 666 225 738 placuerit.
262 671 376 726 Scilicet
388 675 412 737 ¹)
430 674 490 727 ho'c
507 674 600 728 voluit
617 674 711 738 Satan,
726 674 795 726 dum
812 686 934 726 versum
951 670 1050 738 istum,
1067 685 1122 741 per

10 795 18 830 ;,
69 768 228 828 tyrannum
246 760 319 814 linea
336 762 543 831 subnotatum,
570 765 699 834 expungi
720 762 824 832 jussit,
850 771 879 817 et
903 761 943 814 illi
961 775 1121 815 consensa.

10 882 17 921 t
70 856 154 903 runt.
186 848 255 904 Nec
267 850 389 905 dubium
405 866 474 908 esse
486 863 605 923 potest,
622 853 692 923 quin
707 865 845 923 tyrannus
860 851 999 919 intelligat
1015 859 1044 905 et
1055 864 1127 914 orn.¹

10 972 16 1007 5
67 937 138 1006 dat,
153 937 192 993 E.
210 939 240 993 in
257 948 353 995 totum
366 957 524 996 revocasse
542 950 571 998 et
582 956 722 1012 negasse,
740 942 879 1014 quicquid
892 941 1036 995 hactenus
1053 957 1120 1007 cre.

10 1063 14 1095 f
66 1027 213 1096 diderint,
230 1029 306 1083 sicut
323 1042 352 1085 et
370 1042 641 1101 verenegstumet
658 1040 830 1087 revocatum
854 1041 912 1086 est.
947 1030 1024 1105 Quis
1042 1030 1120 1086 enim

65 1117 162 1187 ferat,
186 1119 335 1188 prohiberi
353 1119 430 1175 hanc
448 1122 625 1177 clausulam:
659 1119 722 1181 wit
744 1118 879 1186 trittico
904 1119 958 1178 uni
976 1126 1069 1178 nstitit
1087 1131 1119 1187 itt

67 1206 161 1267 ortu
185 1204 233 1273 iti
259 1213 287 1264 ts
305 1207 375 1266 ortt
392 1207 499 1277 utililiu
521 1211 576 1268 uui
600 1210 669 1272 liter
686 1208 791 1272 &tritu
808 1206 947 1276 &elicitis
972 1205 1034 1274 lton
1056 1205 1121 1285 itii(

65 1305 102 1353 et
117 1311 190 1351 mox
207 1297 287 1353 addi:
311 1296 352 1358 Ui
369 1296 414 1359 tul
427 1297 467 1360 Θ.
479 1297 513 1363 ii·
527 1300 564 1358 ts.
582 1299 652 1365 nidtt
670 1296 826 1368 miiitum?
859 1298 906 1352 Sic
924 1296 1016 1353 homo
1034 1313 1118 1369 prae.

67 1387 167 1441 fertur
180 1386 270 1455 Deo,
288 1398 318 1442 et
334 1387 425 1443 habet
441 1388 516 1444 Dux
534 1388 704 1458 Georgius,
730 1389 809 1461 quod
831 1387 933 1443 voluit.
968 1387 1035 1442 lluc
1051 1404 1118 1459 per.

64 1475 162 1531 trahit
183 1476 249 1532 illos
267 1477 431 1533 amicorum
455 1478 502 1532 illu
519 1470 657 1549 sapientia
683 1491 713 1535 et
728 1479 829 1533 fideles
849 1477 1016 1533 consiliarii.
1048 1477 1116 1548 Ego

64 1582 141 1631 sane
158 1565 280 1637 ignoro,
298 1567 367 1638 quid
380 1585 459 1623 nune
471 1564 633 1623 consulam.
667 1568 730 1625 Res
748 1579 793 1623 est
805 1568 906 1639 pejore
919 1568 1009 1637 loco,
1028 1583 1117 1645 quam

62 1667 138 1731 sulp
154 1658 220 1712 luit.
252 1657 347 1713 Laesa
364 1669 394 1712 et
412 1658 519 1713 irretita
538 1669 584 1713 est
598 1659 775 1714 conscientia
793 1675 916 1727 eorum,
935 1659 1014 1730 quod
1032 1658 1117 1713 valdo

61 1748 169 1819 doleo.
204 1747 302 1835 Quam
319 1748 351 1814 ²)
369 1757 429 1803 tuta
445 1749 563 1817 fuisset,
583 1749 607 1803 si
626 1758 705 1803 recta
723 1760 750 1802 et
766 1747 858 1804 libere
877 1761 999 1818 tyranno
1017 1747 1117 1827 statim
1135 1756 1137 1760 ’

62 1836 105 1892 ab
131 1835 212 1892 initio
237 1838 430 1906 restitissent,
465 1853 553 1910 quam
581 1839 651 1893 dum
676 1836 773 1895 medin
799 1837 883 1910 quasi
908 1839 954 1892 viu
979 1837 1117 1893 incedere

61 1928 224 1993 volentes,
248 1929 384 1998 utrinque
409 1929 530 1997 gratiam
545 1927 605 1983 Dei
628 1938 659 1982 et
682 1926 835 1983 hominum
860 1937 963 1982 tenere
988 1916 1116 2001 tentant,

59 2029 224 2088 utramque
240 2014 271 2085 ³)
296 2018 385 2073 simul
411 2018 552 2083 amittant.
584 2015 633 2071 Eo
649 2032 773 2071 necesse
799 2025 843 2073 est
859 2015 959 2070 reduci
979 2033 1116 2086 causum,

60 2116 98 2163 ut
113 2118 273 2178 tyrannus,
291 2119 390 2180 aperta
406 2118 436 2162 et
452 2121 561 2162 retecta
586 2108 638 2162 ists
658 2105 877 2185 amphibologia
893 2106 1115 2177 responsionis,

62 2197 228 2267 intelligat,
252 2197 290 2252 E.
308 2214 369 2252 non
387 2198 557 2252 consentire
580 2196 645 2267 ejus
662 2197 819 2265 voluntati,
844 2213 899 2269 pro
918 2198 1049 2267 negando
1066 2197 1115 2253 vel

61 2288 238 2365 reuocando
254 2287 348 2341 verbo
366 2286 487 2341 Christi.
521 2285 613 2359 Quod
631 2286 782 2357 quomodo
803 2286 926 2353 faciant,
949 2284 1071 2355 nescio,
1089 2286 1114 2342 si

61 2395 129 2433 non
146 2377 175 2432 in
188 2377 240 2448 jus
258 2393 328 2431 cum
344 2392 381 2430 eo
398 2375 520 2443 vadant,
545 2376 593 2430 vel
611 2375 737 2430 venditis
755 2375 925 2431 substantiis
949 2383 1113 2446 testentur,

64 2482 102 2521 se
125 2483 186 2520 non
208 2466 355 2533 voluisse,
381 2464 462 2536 quod
485 2474 625 2534 tyrannus
649 2480 688 2518 ex
713 2465 905 2534 responsione
931 2482 1035 2520 eorum
1059 2482 1113 2521 eos

62 2554 163 2609 credit
189 2555 275 2608 velle.
309 2553 436 2608 Luditur
461 2552 539 2606 enirn
564 2553 646 2623 quusi
674 2553 783 2607 valritiu
804 2569 911 2608 sensus
936 2556 1019 2624 ejus,
1043 2555 1114 2610 dum

60 2645 144 2699 aliud
160 2645 237 2698 audit
254 2655 284 2699 et
301 2644 376 2698 aliud
395 2643 434 2697 illi
453 2642 620 2709 intendunt,
642 2643 721 2713 quod
739 2654 784 2696 est
802 2654 904 2701 contra
921 2643 1113 2701 christianam

60 2745 94 2789 et
120 2733 337 2806 simplicitatem
363 2744 392 2788 et
417 2733 580 2790 veritatem.
630 2732 709 2787 llaec
736 2750 805 2786 cum
832 2733 890 2789 illis
916 2737 1052 2790 conferre
1081 2746 1113 2790 tu

60 2841 188 2894 quoque
201 2837 301 2894 potes,
320 2832 350 2877 et
362 2822 398 2876 de
409 2821 535 2875 consilio
548 2820 688 2888 cogitare.
720 2822 792 2876 Vale
809 2821 838 2877 in
851 2822 985 2892 Christo,
1003 2829 1111 2880 Amen.

59 2912 214 2969 Sabbatho
231 2911 395 2978 Estomihi,
414 2910 623 2967 MDXXVIII.

688 3000 728 3056 T.
747 2999 896 3056 Martinus
912 3001 1076 3058 Lutherus.

93 3306 136 3358 rs.
155 3298 314 3370 retroit.
790 3300 842 3357 No.
860 3299 1077 3358 ncccccru.

420 3433 470 3502 tin
492 3431 622 3502 istun
646 3424 746 3501 itui.

57 3571 106 3620 223
121 3571 265 3625 urrunnun
277 3579 354 3625 uentu
367 3571 405 3617 its
418 3570 517 3621 ninum
530 3569 679 3622 littustutit
701 3577 746 3614 non
764 3569 840 3618 ltiutu
857 3570 958 3622 ntutrltu
972 3569 1107 3629 &delirius

345 3645 470 3699 metuunt
483 3642 640 3697 restruitur
653 3639 823 3696 stridulum.

204 3825 255 3875 usto
268 3824 432 3870 Auritaher
446 3824 475 3870 ll.
488 3827 533 3873 369.
559 3826 659 3880 titurio
672 3828 712 3879 itu
726 3824 819 3877 §inid
831 3826 894 3872 xxi.
908 3831 964 3876 toes.

109 4000 131 4046 t)
145 3994 240 4041 Auris.
254 3994 325 4040 stent.
383 3996 406 4049 2)
420 3994 515 4043 Auris.
528 3996 597 4054 Quis.
656 3999 935 4059 institutumque,
