2558 5048
541 670 629 756 1527.
1047 671 1108 767 ara

59 783 204 895 Gratiam
221 839 252 889 et
268 848 372 905 pacem
388 832 419 906 iq
435 831 589 904 Domino,
615 832 743 890 Penuria
759 832 899 892 tabellarii
917 833 988 896 istae
1006 832 1108 895 literae

58 922 135 993 apud
152 938 202 977 me
219 921 413 991 delituerunt,
434 922 476 978 mi
497 922 648 997 Philippa,
672 923 768 979 donec
783 940 837 995 per
853 923 933 980 hunc
950 923 992 979 D.
1011 921 1109 998 Geor.

59 1013 138 1081 glum
155 1012 191 1066 ad
207 1014 408 1076 teterrentur.
443 1012 534 1095 Quod
551 1012 670 1070 cholica
687 1024 716 1069 te
729 1013 905 1083 discruciat,
923 1013 1022 1082 doleo,
1040 1028 1112 1068 oro.

60 1118 118 1174 que
135 1100 291 1157 Christum
309 1112 452 1174 quantum
467 1118 611 1174 possum,
634 1112 667 1181 tat
689 1113 718 1159 te
743 1115 825 1159 sanet
842 1113 997 1179 ettservet.
1030 1103 1110 1171 Nam

59 1201 89 1247 ts
105 1191 299 1263 superstitem
314 1193 387 1247 mihi
405 1193 490 1247 valde
508 1193 598 1265 cupio
616 1193 646 1248 in
662 1194 748 1249 tantis
766 1192 1036 1265 perturbationibus
1049 1192 1111 1250 Ena·

63 1280 186 1349 clesiae,
203 1290 237 1336 ut
254 1281 312 1336 sint
327 1282 469 1345 adversus
487 1281 607 1350 Satanae
625 1283 741 1338 furores
759 1270 983 1345 inaestimabiles
999 1282 1112 1361 aliquot

60 1370 185 1448 reliqui,
209 1371 261 1442 qui
278 1386 312 1426 se
328 1388 384 1444 pro
401 1371 492 1427 domo
513 1371 606 1428 lsrael
629 1387 734 1427 muros
754 1382 906 1443 apponant
929 1372 958 1426 in
980 1371 1042 1426 hoc
1064 1370 1112 1426 die

61 1458 171 1514 furoris
187 1458 331 1529 Domini,
356 1460 498 1516 visitantis
515 1471 648 1517 nostram
671 1459 764 1526 (sicut
780 1461 898 1529 dignum
917 1460 979 1527 eat)
996 1460 1112 1535 ingrati.

62 1549 216 1610 tudinem.
240 1548 268 1604 Ο
286 1549 420 1619 christe,
437 1565 582 1620 quaenam
598 1559 685 1606 emat
701 1558 835 1623 tempora
850 1551 965 1618 tratura,
983 1567 1112 1633 quorum

66 1649 127 1710 tam
143 1648 212 1695 sunt
225 1637 377 1695 horrenda
394 1639 556 1711 principia?

131 1743 329 1800 Caruistadius
346 1761 362 1799 a
379 1761 436 1801 suo
454 1745 550 1801 loco
536 1761 605 1817 Jam
617 1745 729 1818 aliquot
744 1745 945 1804 hebdomadas
959 1745 1059 1813 abest,
1072 1700 1112 1803 ad

65 1849 138 1890 suos
155 1835 304 1906 profectus
322 1845 352 1890 et
367 1835 469 1890 nidum
485 1835 542 1892 sibi
558 1851 699 1907 quaerere
717 1836 869 1897 creditur:¹
887 1837 972 1891 vadat
989 1852 1063 1892 sanc
1075 1837 1112 1894 ad

64 1923 164 1979 locum
180 1939 290 1991 suum,
305 1924 421 1995 quando
437 1924 526 1980 nullis
544 1923 647 2008 officiis
664 1924 797 1980 revocari
814 1925 925 1996 potest'.

128 2027 241 2082 Scribis
254 2038 282 2083 te
294 2029 428 2098 flagellari
441 2046 457 2082 a
469 2030 616 2102 quodam,
626 2028 654 2098 ')
666 2032 745 2103 quod
757 2031 966 2103 poenitentiam
978 2046 994 2084 a
1005 2031 1112 2089 rimare

62 2117 190 2172 Domini
207 2117 296 2190 incipi
314 2119 452 2174 docueris
473 2118 502 2175 in
528 2120 693 2176 visitatione
716 2131 824 2176 vestra.
858 2120 983 2192 Scripsit
1007 2120 1112 2176 similia

64 2209 127 2263 iere
140 2207 289 2278 Magister
302 2208 467 2278 ldislebius,
485 2210 539 2264 sed
557 2227 611 2281 ego
628 2225 755 2282 pugnam
771 2209 857 2265 istam
873 2210 1033 2265 verborum
1050 2227 1113 2266 non

63 2299 162 2367 magni
188 2308 279 2369 puto,
302 2298 475 2370 praesertim
492 2298 568 2371 apud
584 2300 715 2369 vulgum.
750 2299 830 2354 Nam
846 2301 937 2354 timor
952 2316 1065 2371 poenae
1082 2309 1113 2356 et

65 2387 155 2441 timor
169 2386 231 2441 Dei
248 2403 336 2458 quam
360 2388 511 2455 differant,
538 2388 652 2443 facilius
678 2387 786 2442 dicitur
809 2387 926 2458 syllabis
953 2399 980 2442 et
1004 2389 1112 2457 literis,

64 2492 205 2548 quamne
227 2486 257 2531 et
273 2477 376 2531 affectu
393 2478 595 2547 cognoscitur.
629 2478 769 2532 Timeant
786 2490 914 2548 poenam
928 2486 956 2532 et
968 2478 1112 2533 infernum

64 2582 171 2621 omnes
189 2567 285 2638 impii:
311 2567 397 2621 Deus
414 2568 507 2622 aderit
523 2568 600 2634 stris,
625 2576 658 2621 ut
674 2566 760 2621 simul
784 2567 907 2621 timeant
921 2567 1022 2622 Deum
1040 2585 1134 2632 cum.

63 2672 173 2727 poena.
205 2655 315 2728 Neque
331 2656 393 2710 lieri
411 2667 526 2727 potest,
552 2666 583 2710 ut
609 2656 673 2711 sine
697 2655 804 2710 timore
828 2663 946 2726 poenae
963 2657 1002 2712 sit
1021 2657 1112 2713 timor

62 2744 126 2801 Dei
144 2745 173 2800 in
190 2745 246 2800 hac
262 2745 347 2813 vita,
368 2746 446 2800 sicut
462 2763 520 2800 nec
537 2745 655 2817 spiritns
674 2744 738 2800 sine
756 2760 862 2812 carne,
887 2745 1001 2801 etiamsi
1018 2747 1111 2803 timot·
1195 2798 1209 2808 ,

61 2849 175 2905 poenae
192 2835 232 2889 sit
245 2834 355 2888 inutilis
373 2835 435 2888 sine
453 2834 560 2888 timore
573 2834 642 2889 Dei.
670 2833 779 2888 Danda
792 2833 879 2902 igitur
888 2833 1027 2890 timorem
1037 2837 1110 2903 Dei,

59 2923 153 2977 credo
170 2922 197 2977 id
215 2923 277 2992 agi,
295 2924 379 2995 qnod
392 2924 486 2991 agitur
500 2923 635 2976 docendo
653 2922 818 2977 libertatem
835 2913 969 2994 spiritus,
987 2934 1019 2979 ut
1030 2925 1108 2980 hanc

59 3005 132 3066 alii
124 3030 154 3067 m
169 3013 358 3068 securitatem
375 3013 488 3080 carnis,
514 3011 550 3065 ita
573 3011 654 3065 illum
679 3011 757 3066 alii
749 3030 777 3066 m
801 3010 1034 3084 desperationem
1052 3032 1107 3071 seu

59 3103 198 3157 timorem
216 3118 326 3175 poenae
343 3103 465 3174 rapiant.
499 3101 576 3176 Quis
594 3119 666 3156 vero
684 3101 738 3156 illis
755 3101 893 3192 resistet?

125 3205 253 3263 Exaudit
268 3225 323 3263 nos
343 3197 497 3276 Christus,
523 3217 552 3261 et
575 3216 690 3301 pestem
712 3220 848 3264 nostram
863 3209 974 3280 mitigat
992 3188 1105 3267 miseri.

59 3297 189 3354 corditer
205 3298 285 3354 satis.
318 3298 465 3354 Dabimus
482 3313 619 3381 operam,
642 3291 678 3353 si
690 3297 818 3353 visitatio
835 3309 931 3354 vestra
949 3301 1034 3357 nobis
1051 3315 1107 3355 ex

58 3386 190 3443 cedenda
206 3388 355 3456 mittetur,
373 3397 423 3454 ut,
440 3403 514 3459 quae
528 3403 653 3454 monce,
671 3388 821 3444 iaciamus.
838 3390 862 3453 ¹)

109 3492 184 3559 Ora
200 3511 256 3566 pro
273 3510 323 3548 me
334 3494 447 3566 misero
460 3504 489 3548 et
499 3493 617 3564 abjecto
629 3509 748 3561 verme,
765 3493 897 3549 tristitiae
910 3495 1015 3564 spiritu
1027 3495 1103 3565 bene

52 3593 184 3649 vexato,
207 3572 261 3653 pro
285 3581 362 3635 bona
387 3581 536 3636 voluntate
560 3580 655 3636 Patris
678 3581 963 3648 misericordiarum,
990 3583 1038 3637 cui
1063 3585 1103 3639 sit

52 3673 145 3741 gloria
164 3674 250 3727 etiam
268 3673 295 3726 in
314 3688 379 3726 mea
395 3671 524 3725 miseria.
558 3669 661 3726 Gloria
678 3676 807 3727 meaest
824 3670 898 3724 haec
923 3689 995 3738 una,
1022 3674 1103 3745 quod

51 3761 180 3816 verbum
192 3760 251 3824 Dei
265 3777 337 3830 pure
353 3760 471 3827 tradidi,
488 3775 545 3813 nec
562 3760 717 3813 adulteravi
735 3759 796 3814 ullo
812 3760 909 3814 studio
927 3762 1035 3833 gloriae
1053 3761 1104 3819 aut

52 3851 231 3923 opulentiae.
264 3852 376 3921 Spero,
404 3849 483 3921 quod
510 3849 562 3921 qui
585 3849 708 3920 incepit,
734 3849 922 3906 miserebitur
944 3850 972 3904 in
994 3850 1103 3920 finem,

51 3959 121 3996 cum
146 3941 223 3996 aliud
246 3957 306 3995 non
330 3956 469 4012 quaeram
493 3947 541 3994 aut
562 3938 674 4006 sitiam,
704 3953 792 4010 quam
808 3940 965 4014 propitium
982 3941 1101 4012 Deum,

100 4088 121 4169 n
134 4117 189 4166 nar
199 4126 266 4170 aaut:
276 4102 402 4166 stataria
412 4089 499 4166 aaran
509 4117 533 4166 re
542 4114 657 4172 tarium
671 4115 856 4178 aisiamenta
868 4116 902 4164 tm
913 4117 999 4166 arten
1009 4117 1100 4172 sitia.

102 4273 126 4321 t)
141 4273 198 4320 man
211 4270 334 4320 arratam
349 4269 442 4318 uitari
454 4271 494 4319 ait.
509 4270 670 4325 artuumque
683 4278 707 4316 tr
720 4270 772 4323 arte
785 4276 829 4317 aaa
839 4271 876 4318 trr
886 4272 953 4324 etate
962 4277 1015 4319 tant
1025 4272 1100 4326 &tata

51 4344 145 4392 maa
172 4344 231 4397 lBal.
246 4343 397 4391 bethendorf
406 4343 424 4390 1
437 4344 455 4398 l
468 4345 502 4392 dt·
573 4394 576 4399 ,
