2558 4726
419 324 426 344 ⁸
505 326 542 364 ’·
580 341 679 411 ssu.
1099 333 1162 405 su

107 498 166 592 G·
185 553 216 603 et
230 543 267 604 P.
284 545 314 602 iu
331 543 463 605 Christo.
495 544 613 617 Audio,
628 545 670 603 mi
688 545 832 618 Cerdste,
849 546 927 621 spud
942 546 1081 619 cygneus
1099 543 1165 600 exi.

107 636 309 693 stimstionem
327 647 358 692 et
372 637 577 694 auctoritatem
592 647 672 694 tuem
689 637 820 711 quotidie
836 638 951 709 sugeri:
968 637 1005 692 de
1022 652 1084 710 quo
1101 635 1165 708 glo.

92 712 95 717 ¹
107 726 176 799 rior
189 728 220 782 in
231 726 351 783 Christo
369 737 399 783 et
409 728 533 799 gaudeo.
566 728 619 784 Tu
630 744 704 785 vero
716 735 877 801 perge‘eos
888 730 1010 784 vincere
1022 727 1164 783 bonitate.

90 802 192 874 ‘Duri
204 827 290 887 sunt,
308 819 420 887 fateor,
437 818 506 887 sed,
523 818 549 875 si
566 808 730 876 ‘accesserit
740 817 845 875 duritie
860 827 962 874 nostru
971 856 982 886 ,
998 815 1069 872 fient
1085 816 1168 873 dete-

108 908 220 963 riores.
252 907 343 964 Nosti
366 907 572 985 proverbium:
597 907 690 966 Duos
709 908 810 986 duros
825 908 965 964 molares
989 905 1073 962 nihil
1092 903 1168 962 boni

108 996 238 1053 molere.
273 997 368 1067 Igitur
378 997 514 1071 patieutis
530 999 648 1055 tandem
659 1008 761 1055 nostre
772 1014 827 1054 eos
839 999 1004 1054 confundet
1020 1007 1050 1052 et
1064 1004 1168 1065 arguet

108 1100 182 1141 suae
199 1086 323 1142 duritiae
340 1103 411 1142 eum
435 1088 535 1144 fructu
556 1089 661 1145 multo.
693 1088 745 1144 De
761 1087 864 1143 ‘turea
884 1087 978 1146 tristis
1001 1085 1168 1141 audiuntur.

109 1177 262 1247 Oremus,
287 1193 326 1232 ne
347 1194 515 1251 petemus.
549 1178 646 1234 Saluta
668 1177 848 1235 christinam
871 1186 971 1246 tuem,
995 1175 1112 1232 etrele
1138 1175 1168 1231 in

110 1266 246 1325 christo.
279 1271 322 1324 so.
339 1267 471 1338 osori,
487 1251 674 1326 rmxxut.

752 1358 792 1416 Τ.
808 1358 957 1416 Martinus
972 1355 1136 1414 Lutherus.

96 1730 102 1755 .-
145 1686 362 1763 metetur.
820 1713 822 1717 ⁷
916 1687 1137 1748 Nuucuxt.

434 1839 846 1928 surrecturum.

350 2044 352 2049 .
377 2000 435 2052 usu
447 2001 492 2053 23!
504 2001 655 2063 &mutiat
666 2002 738 2051 utcu
750 2001 793 2050 tut
805 1997 902 2052 sustu.

111 2235 165 2290 ω
178 2235 314 2283 irrideus
327 2249 350 2295 p.
363 2238 396 2286 n.
422 2238 480 2292 uiui.
495 2238 553 2284 cod.
572 2238 648 2285 chart.
660 2240 708 2289 tet.
721 2238 738 2284 i.
752 2236 812 2284 sut.
829 2238 902 2285 Goth.
916 2237 975 2284 cod.
988 2236 1044 2284 Jeu.
1057 2237 1079 2284 b.
1093 2237 1110 2283 i.
1123 2237 1169 2286 m

136 2311 346 2364 mistum
362 2313 408 2363 m
429 2307 650 2380 ulteruttmut.
675 2310 1145 2387 tetur.xxu.s⁵⁶.usuusu1.2u.

113 2443 260 2547 Gratiam
282 2501 313 2548 et
330 2509 436 2565 pacem
453 2493 483 2550 iu
499 2493 630 2552 Christo.
664 2494 803 2551 Festinus
827 2503 857 2550 et
872 2503 1051 2568 praeventus
1075 2494 1172 2549 subita

111 2581 299 2653 profectione
316 2582 443 2638 istorum
459 2582 633 2654 hominum,
653 2582 775 2656 quitus
792 2585 845 2640 tibi
856 2583 882 2651 ι)
899 2584 1040 2650 reddunt,
1057 2584 1170 2655 optime

110 2669 259 2740 Nicolae,
276 2688 370 2742 cogor
381 2672 524 2729 scribere.
559 2673 709 2746 Opinsber
725 2674 803 2730 enim
819 2674 928 2731 diutius
938 2674 988 2729 hic
999 2691 1170 2744 mansuros,

112 2761 225 2834 etioqui
237 2763 320 2834 plura
337 2773 367 2818 et
377 2762 431 2819 tibi
449 2772 479 2819 et
490 2764 619 2821 cordato
630 2765 838 2836 scripsissem,
855 2780 983 2838 praescri
989 2766 1027 2820 im
1041 2766 1078 2821 de
1090 2765 1171 2822 helio

113 2851 266 2919 Turcico,
281 2853 361 2924 quod
373 2852 563 2910 Germaniam
580 2853 680 2910 turbat
695 2855 814 2911 merito.
846 2855 926 2911 Num
945 2866 975 2911 et
989 2871 1044 2910 nos
1061 2855 1172 2910 merui.

114 2957 183 2998 mus
198 2941 276 2998 hunc
293 2943 366 2997 iram
382 2941 461 3011 Dei,
479 2953 510 2998 et
525 2943 577 3016 qui
589 2954 760 3000 meruerunt
773 2961 871 3017 neque
883 2946 1054 3016 poenitent,
1071 2963 1169 3016 neque

114 3032 289 3100 emendant,
313 3032 367 3088 sed
383 3042 517 3104 pergunt.
549 3032 617 3103 Ego
635 3050 807 3089 sermonem
831 3035 1071 3089 exhortatorium
1095 3036 1168 3091 edo:

112 3121 172 3182 Ciu
183 3122 358 3194 §tetuttiipt
368 3123 450 3181 uttrr
461 3123 510 3182 tut
522 3121 640 3184 uirtus
665 3122 714 3179 M.
724 3123 882 3205 Philippus
895 3135 924 3180 et
934 3125 1031 3180 Jonas
1041 3127 1131 3181 edunt
1139 3127 1169 3193 ²)

112 3211 249 3268 libellum
273 3212 302 3268 iu
319 3212 442 3266 eundem
460 3227 590 3268 curteum.
623 3213 674 3269 Tu
691 3214 757 3280 isc,
778 3222 810 3267 ut
826 3212 867 3267 tui
885 3213 950 3268 duri
972 3215 1114 3271 increduli
1139 3227 1171 3272 et

111 3301 280 3375 pertinaces
298 3301 408 3372 Cygnei
426 3301 504 3357 serio
521 3299 550 3368 ³)
569 3302 707 3368 creduut,
730 3311 881 3371 metuunt,
898 3301 1042 3376 trepident
1060 3322 1076 3360 e
1094 3305 1169 3367 fecie

111 3391 200 3447 istius
222 3391 321 3461 virgae
344 3400 375 3445 et
399 3389 458 3444 irre
478 3389 546 3446 Dei.
580 3389 653 3445 Non
677 3390 734 3446 erit
752 3391 865 3463 jocus,
888 3392 941 3448 sed
966 3393 1060 3448 finalis
1086 3394 1170 3450 furor

110 3481 191 3550 Dei,
209 3481 238 3537 iu
256 3498 317 3552 quo
334 3479 421 3536 simul
438 3480 565 3535 mundus
585 3480 716 3548 finietur,
735 3491 764 3535 et
776 3480 913 3537 Christus
930 3484 1029 3538 ueniet
1045 3483 1127 3539 hunc
1138 3478 1170 3554 ἦ)

114 3571 187 3641 Gog
210 3584 241 3626 et
256 3571 369 3641 uragog
392 3570 598 3626 destructurus
622 3587 753 3642 suosque
777 3570 964 3628 liberaturus.
997 3573 1076 3629 Num
1100 3586 1170 3632 sunt

103 3661 214 3739 :omnis
237 3661 356 3733 impleta
379 3661 409 3716 in
433 3660 609 3732 scripturis,
634 3660 690 3716 nisi
714 3660 796 3731 quod
820 3661 894 3717 certi
912 3678 1035 3732 sumus,
1060 3681 1166 3736 preces

111 3764 232 3809 nostras
254 3750 384 3806 humiies
413 3749 521 3822 utquid
545 3767 637 3823 posse
662 3749 750 3804 etium
772 3759 877 3806 contra
899 3751 1035 3809 Turcuus
1059 3753 1168 3825 istum,

162 3955 183 4005 1)
197 3951 276 3998 suu.
291 3950 335 3999 tibi
347 3951 416 4000 hauc.
451 3950 680 4008 mium-udum
717 3954 740 4004 3)
754 3952 798 3999 tus.
814 3954 841 4001 ὓ.
855 3953 940 4012 popuii
953 3956 1046 4004 sedulo.
1083 3958 1165 4014 ωΜε.

112 4025 262 4076 G.··huuc.
703 4054 707 4059 -
803 4068 806 4075 .
