2558 4726
187 307 229 378 tt
281 288 283 292 ’
656 314 755 399 ,atat

186 469 233 524 tio
245 477 347 526 monet
364 485 417 527 eos
430 458 549 544 spiritus
557 513 566 541 ‚
583 479 617 527 ut
628 471 681 528 sibi
694 481 831 538 caveant,
849 487 886 526 eo
903 470 991 543 lapsi,
1008 479 1042 526 nt
1058 485 1121 524 rem
1132 462 1237 524 nsces-

185 559 292 613 sariam
309 560 414 616 iaciant
430 562 560 616 inutilem
578 572 607 616 et
618 572 770 629 neutram,
789 561 876 632 idque
888 560 973 615 nobis
988 559 1064 614 falso
1081 559 1236 630 imputent.

250 664 369 720 Summa
381 666 538 721 alterutros
550 678 669 737 oportet
681 685 748 723 esse
761 669 881 723 Satanae
895 666 1065 733 ministros,
1082 664 1130 719 vel
1143 665 1235 735 ipsos,

184 752 233 807 vel
258 770 329 809 nos:
356 753 423 809 ideo
449 746 500 809 hic
525 756 596 810 nulli
622 756 746 811 consilio
773 769 821 809 aut
846 756 944 809 medio
969 756 1074 820 locus,
1100 753 1235 809 confiteri

185 854 306 915 oportet
331 844 499 900 alterutram
523 856 636 916 partem
663 847 743 917 quoti
767 846 869 899 credit.
904 847 1004 915 Atque
1021 844 1072 897 bic
1097 860 1234 912 oramus,

184 933 303 1004 quando
323 933 361 988 ita
378 935 450 988 certi
468 944 554 1002 sunt,
580 952 617 988 ne
635 935 817 989 dissimulent
834 934 909 1003 apud
927 933 1046 1001 vulgum
1063 949 1133 989 sese
1149 933 1235 989 nobis

184 1021 351 1078 dissentire.
384 1024 466 1079 llaec
490 1034 594 1094 quarta
619 1025 778 1079 admonitio
804 1022 924 1095 spiritus
953 1033 1016 1091 est,
1043 1023 1093 1095 qui
1113 1040 1176 1079 non
1192 1025 1236 1079 sic

184 1111 313 1168 simulat.
349 1112 440 1186 Quod
463 1109 488 1167 si
513 1113 570 1183 ipsi
594 1126 714 1183 pergant
737 1113 939 1181 dissimulare,
965 1112 1053 1167 nobis
1076 1112 1235 1183 incumbit,

183 1214 217 1257 ut
241 1202 435 1259 conliteamur
460 1218 528 1257 csse
550 1218 607 1257 nos
630 1204 742 1257 alienos
769 1203 805 1256 ab
831 1203 977 1270 invicem,
994 1196 1250 1274 'repugnantibus'

184 1292 345 1363 spiritibus.
381 1292 465 1366 Quae
490 1291 569 1346 enim
585 1293 746 1346 conventio
764 1292 873 1347 Christi
894 1301 923 1346 et
939 1291 1054 1348 Belial?
1078 1309 1187 1364 pacem
1203 1293 1236 1348 li.

182 1381 290 1435 beuter
306 1382 529 1452 amplectimur,
547 1381 636 1436 modo
655 1382 735 1435 salva
753 1381 789 1437 sit
801 1397 859 1453 pax
878 1398 946 1450 erga
957 1381 1060 1436 Deum
1074 1381 1164 1437 nobis
1181 1397 1235 1454 per

183 1471 337 1525 Christum
355 1483 445 1543 parta,

247 1575 388 1630 Rationes
407 1576 446 1629 nil
465 1583 548 1640 sunt,
568 1588 688 1648 tropum
705 1595 765 1632 non
792 1577 988 1645 admittimus,
1012 1595 1068 1632 nec
1094 1577 1150 1650 ipsi
1167 1595 1234 1650 pro.

181 1663 269 1733 bant,
293 1676 323 1718 et
339 1665 416 1718 huic¹
428 1665 585 1719 monitioni
611 1666 732 1737 spiritus
758 1684 813 1721 oro
837 1677 870 1721 ut
892 1667 1008 1721 cedant.
1041 1666 1234 1723 Probandutn

182 1764 261 1822 erat,
286 1771 322 1808 an
345 1754 486 1810 verbum:
514 1755 595 1823 Est,
617 1755 646 1808 in
670 1755 739 1810 loco
765 1755 838 1824 isto,
863 1772 919 1824 pro
941 1755 1109 1829 siqnilicat
1131 1755 1237 1811 debeat

181 1843 286 1913 accipi.
320 1835 379 1915 Ipsi
397 1860 470 1898 vero
488 1843 630 1915 probunt,
648 1842 754 1897 alicubi
772 1844 801 1897 in
819 1843 978 1915 Scripturis
997 1862 1052 1916 pro
1067 1844 1235 1919 significat

181 1933 294 2004 accipi,
312 1933 377 2004 quis
394 1931 456 1987 hoc
472 1932 644 2001 ignorabat?
671 1933 752 1988 Turn
770 1933 831 1987 hoc
848 1933 978 1988 maxime
995 1944 1141 2003 metuant,
1163 1951 1234 1989 cum

181 2016 339 2077 manifeste
357 2023 386 2076 in
403 2022 464 2076 aliis
483 2022 555 2076 locis
573 2021 753 2090 caecutiant,
771 2039 808 2076 ne
825 2021 911 2078 ctiam
927 2021 989 2076 hoc
1005 2023 1074 2123 lopo
1093 2034 1201 2080 errent.

246 2127 392 2182 Videlicet
409 2127 563 2182 tnanifeste
589 2129 755 2183 caecutiunt
781 2129 809 2181 in
831 2127 899 2184 illo:
924 2127 1027 2183 Petra
1043 2135 1123 2198 ¹erat
1139 2128 1235 2184 curt.

182 2223 267 2285 stus,
284 2217 312 2276 *l
332 2217 441 2272 Paulus
460 2217 538 2270 enim
555 2233 614 2271 non
632 2218 668 2271 de
685 2227 768 2287 petra
784 2217 933 2287 corporali
948 2218 1034 2287 dicit,
1051 2219 1104 2273 sed
1121 2219 1158 2273 de
1175 2219 1234 2291 spi.

181 2306 292 2361 rituali:
318 2306 362 2359 sic
387 2306 465 2362 enim
488 2304 593 2359 habet:
617 2304 770 2364 Bibebant
794 2305 830 2360 de
846 2306 1012 2378 spirituali
1028 2315 1234 2382 consequente

181 2412 233 2449 eos
248 2401 342 2466 petro
352 2434 361 2463 ,
383 2401 478 2464 petra
496 2401 601 2448 autem
619 2400 690 2449 erat
707 2393 862 2450 Christus.
896 2395 1005 2457 Nonne
1022 2396 1116 2463 haec,
1141 2397 1170 2452 id
1188 2407 1234 2455 est

180 2484 337 2554 spiritualis
363 2494 445 2554 petra
471 2492 531 2536 erat
558 2482 715 2538 Christus?
738 2483 788 2537 ubi
813 2483 864 2538 hic
890 2492 962 2538 erat
986 2502 1041 2556 pro
1065 2485 1234 2559 siqniricat

181 2573 364 2644 accipietur?
381 2573 475 2627 Estne
494 2572 580 2640 igitur
597 2572 646 2624 liic
663 2573 835 2629 manifestus
853 2575 977 2643 lapsus?
999 2576 1074 2630 Item
1092 2587 1121 2630 et
1139 2577 1232 2633 aliud:
1267 2610 1275 2627 .

179 2665 297 2736 Aqnns
308 2670 355 2717 est
365 2661 525 2717 transitus
536 2662 687 2731 Domini,
704 2664 877 2719 manifestus
892 2665 992 2737 lapsus
1005 2675 1070 2734 est,
1089 2666 1140 2720 ubi
1152 2669 1233 2723 enim

179 2751 241 2805 hoc
257 2752 347 2806 habet
360 2752 529 2821 Scriptura?
547 2752 595 2805 Sic
613 2752 682 2806 dicit
694 2752 821 2808 Moses:
840 2753 1011 2809 Comedetis
1018 2753 1232 2826 festinanter,

181 2851 228 2899 est
243 2843 326 2899 ettim
343 2844 502 2898 transitus
519 2842 672 2898 Domini:
690 2843 750 2898 hoc
769 2854 832 2912 est,
852 2844 918 2898 ideo
935 2845 1009 2899 liaeo
1028 2847 1125 2901 otnnit
1144 2849 1233 2916 facie.

180 2933 239 3000 tia,
262 2933 329 3004 quia
354 2933 417 2987 dies
444 2933 491 2985 ille
516 2940 560 2985 est
576 2931 694 2986 Pascha
712 2932 757 2985 vel
783 2933 921 2987 transitus
939 2933 1083 3002 Domini,
1110 2935 1189 2992 sicut
1206 2937 1232 2993 si

181 3024 329 3090 dicerem,
347 3023 472 3076 comede
491 3011 672 3089 assaturam,
692 3021 758 3092 qnia
773 3032 818 3077 est
831 3022 977 3077 dominica
989 3024 1061 3079 dies.
1095 3026 1143 3080 Ad
1156 3036 1232 3083 teto.

179 3129 236 3184 pus
254 3114 301 3167 vel
319 3113 396 3166 diem
409 3111 523 3166 scilicet
534 3112 660 3166 refertur
671 3129 731 3167 non
749 3112 783 3165 ad
802 3129 926 3182 agnum,
944 3131 1000 3168 nec
1018 3100 1095 3169 aliud
1112 3117 1229 3174 existo

178 3204 248 3259 loco
265 3202 447 3275 probabitur.

246 3311 291 3364 Sic
309 3318 337 3363 et
356 3309 440 3362 illud:
459 3309 529 3362 Hoc
543 3307 691 3378 poculum
708 3314 755 3360 est
771 3314 991 3363 testamentum
1003 3326 1133 3380 itovrnn,
1149 3311 1231 3368 vale.

180 3407 241 3462 ret,
260 3399 284 3453 si
301 3414 453 3468 apocopen
473 3396 583 3450 admitti
603 3396 660 3448 illic
678 3406 845 3466 oporterrt:
865 3415 943 3451 nunc
961 3412 1058 3454 autem
1076 3401 1119 3455 sic
1137 3403 1230 3458 dicit:

179 3489 250 3543 Hoc
274 3487 422 3558 poculum
445 3493 490 3539 est
515 3491 735 3537 testamentum
759 3501 873 3556 nortun
901 3486 936 3540 in
961 3505 1028 3542 nteo
1050 3491 1231 3563 sanquine,

178 3578 321 3649 poculum
338 3595 392 3648 per
409 3593 476 3630 sese
494 3574 608 3629 scilicet
625 3573 695 3627 niltil
714 3584 777 3640 est,
798 3576 851 3629 sed
869 3593 923 3647 per
939 3568 1109 3647 sanguinem
1125 3597 1231 3638 meum

179 3678 226 3722 est
251 3676 475 3732 testamentum,
502 3664 582 3735 quod
599 3662 716 3731 sangnis
733 3667 795 3717 sine
814 3666 922 3734 poculo
948 3669 1020 3721 tradi
1039 3685 1099 3724 non
1118 3672 1229 3740 potuit:

178 3770 208 3811 et
225 3774 300 3828 quae
319 3756 392 3810 ratio
411 3754 554 3825 symboli,
572 3763 604 3807 ut
617 3755 758 3824 poculum
772 3753 917 3824 significet
934 3765 1161 3830 testamentum,
1177 3762 1228 3818 vel

228 3973 253 4017 *t
266 3970 314 4022 oin
327 3970 495 4024 ittunturunt
509 3969 680 4019 ottntunttutt.
