2558 4726
555 323 647 392 152⁸.
1066 319 1128 389 ³63

95 477 305 548 28.8a1iut.
349 506 351 510 ³
388 562 392 578 ι
903 478 1095 538 Ncmmx.
1118 512 1121 520 ·

378 645 427 715 liu
459 643 546 718 lile.
578 619 826 718 ortitttiut.

55 818 88 866 2.
103 816 198 871 celtaat
211 816 250 869 tid
264 818 310 865 tait
323 818 419 865 bitttnn
432 821 537 874 ttntaati
550 819 606 867 iiber
618 821 654 868 tit
664 823 718 870 tito
731 820 776 867 tait
786 819 863 868 muter
876 819 902 866 iu
915 819 1000 871 stiuam
1012 816 1129 874 Dialogus

273 892 320 941 aa
334 893 454 948 ultimum
467 896 571 946 artttttt
584 895 653 948 natta
666 894 722 941 ibet
734 895 850 944 metuant
863 903 887 939 tt.
900 901 923 940 a

193 1154 244 1207 Μ
256 1155 422 1203 Aurllalrer
435 1157 464 1203 ll.
476 1160 522 1207 acl.
537 1159 559 1204 b.
593 1158 695 1212 &tillim
708 1158 748 1212 lto
761 1157 856 1208 totid
869 1157 933 1204 xxi
946 1157 1003 1205 llll.

67 1289 219 1389 Gratiam
241 1345 270 1391 et
291 1352 397 1408 pacem
423 1337 453 1392 in
476 1337 606 1395 Christo.
641 1339 749 1394 Bucari
776 1338 956 1410 iniquitatem
962 1335 1050 1417 ,satis
1058 1376 1067 1403 ,
1093 1351 1128 1388 ac

66 1424 141 1495 plus
159 1440 245 1494 quarn
262 1428 347 1492 satis,
369 1428 458 1481 'autea
474 1428 564 1494 novi,
583 1429 623 1483 mi
643 1427 793 1495 Gerbelli,
820 1439 928 1482 utnon
945 1425 1052 1480 mirum
1071 1424 1128 1491 sit,

62 1514 97 1569 si
122 1528 223 1566 meum
248 1515 354 1585 (quem
380 1516 501 1586 allegat)
525 1535 696 1572 sermonem
720 1532 826 1573 contra
850 1534 899 1571 me
926 1516 1072 1580 instituat,
1099 1515 1129 1568 in

63 1620 132 1674 quo
149 1605 309 1673 Augustini
332 1607 508 1662 sententiam
534 1618 656 1663 secutus
680 1609 721 1662 lui
748 1610 784 1662 de
807 1624 893 1661 carne
912 1606 1040 1673 Christi,
1068 1621 1128 1659 non

64 1701 194 1760 contra,
217 1695 270 1749 sed
289 1711 342 1766 pro
361 1697 562 1753 Sacramenta.
597 1698 677 1752 Sicut
693 1709 797 1752 notum
820 1709 864 1751 est
885 1696 970 1764 orbi,
994 1710 1050 1750 noa
1067 1712 1129 1765 nou

64 1782 210 1838 damnate
227 1784 457 1856 dictaPatrum,
476 1788 591 1843 etiamsi
610 1789 695 1850 (loco
708 1805 768 1843 non
783 1788 852 1854 suo)
870 1795 1018 1859 pugnent,
1034 1785 1128 1839 modo

66 1883 178 1928 contra
195 1874 333 1945 pietatem
348 1894 409 1932 non
427 1895 558 1949 pugnare
571 1887 724 1948 cogantur.
759 1877 909 1946 Breviter,
927 1877 952 1930 si
965 1873 1129 1943 Zwinglius

64 1963 128 2018 tale
145 1963 218 2034 quid
235 1964 377 2041 dixipret,
399 1978 500 2038 parata
517 1968 622 2023 luisset
641 1966 798 2038 epicilteia,
822 1983 897 2038 quae
915 1965 1075 2043 commode
1099 1973 1129 2019 et

67 2063 154 2109 recte
171 2053 432 2126 interpretaretur:
458 2058 609 2113 Lutherus
628 2057 695 2129 quia
712 2056 801 2124 dixit,
826 2046 980 2110 calumniis
998 2053 1129 2109 virulen.

65 2143 196 2200 tissimia
212 2160 288 2200 mox
305 2145 474 2216 subjectum
497 2156 552 2203 eat.
585 2148 690 2203 visitet
711 2163 762 2202 eas
781 2146 897 2218 viperas
915 2145 1076 2211 Christus,
1099 2153 1131 2199 et

66 2234 121 2288 vel
139 2244 316 2304 convertat,
333 2236 381 2290 vel
398 2237 516 2304 reddat,
534 2237 616 2308 quod
628 2245 789 2291 merentur.
824 2234 906 2309 Quid
921 2252 982 2288 non
1000 2226 1129 2288 vir'ulen.

68 2323 130 2377 tiae
148 2322 226 2377 idem
239 2324 427 2394 praestitltin
440 2326 556 2396 dialogo
573 2326 632 2380 isto
648 2325 830 2393 novissimo,
844 2323 871 2391 *)
890 2325 992 2395 inquo
1011 2323 1129 2380 fortiter

69 2412 212 2479 omnibus
231 2412 306 2468 meis
322 2415 451 2468 transitis
468 2432 569 2470 merus
587 2416 778 2471 calumniator
795 2418 858 2471 est?
892 2415 1028 2485 Tropum
1052 2417 1129 2469 inter

69 2487 280 2556 caeteramihi
304 2502 517 2573 syneldochen
542 2505 664 2575 objicit,
687 2521 777 2576 quem
796 2504 886 2558 modo
912 2503 940 2557 in
965 2505 1028 2576 ipso
1052 2503 1129 2558 libro

67 2607 143 2646 meo
159 2607 219 2644 non
236 2591 359 2660 negavi,
385 2593 438 2647 aed
455 2593 569 2648 ostendi
594 2593 815 2664 copiosissime.
847 2593 970 2648 Valeant
992 2593 1128 2663 viperae:

33 2748 41 2758 ι
67 2692 101 2737 te
120 2679 259 2736 Christus
282 2681 378 2752 (quod
403 2682 528 2737 summis
544 2684 620 2737 votis
643 2687 714 2749 oro)
732 2693 831 2737 servet
853 2683 1032 2738 habitantem
1055 2684 1130 2738 inter

70 2774 147 2828 istas
159 2771 274 2838 beluas,
291 2771 422 2843 viperas,
440 2773 567 2840 leaenas,
586 2774 735 2844 pardales,
754 2791 846 2845 paene
859 2774 1130 2845 majorepericulo,

72 2878 166 2935 quam
184 2860 293 2916 Daniel
311 2861 375 2933 ipse
394 2862 423 2916 in
441 2863 507 2917 lacu
523 2864 653 2918 leonum.

140 3005 273 3085 ¹Chriutus
291 3008 341 3062 hic
360 3018 494 3079 pacatam
504 3008 675 3063 Ecclesiam
693 3016 723 3062 et
739 3009 925 3075 unanimem,
943 3018 1004 3063 tum
1020 3007 1130 3063 floren.

71 3106 137 3151 tem
157 3097 245 3153 literis
263 3107 293 3152 et
309 3098 412 3153 studiis
430 3097 618 3152 Academiam
637 3108 751 3167 servat,
770 3110 802 3153 ut
820 3099 940 3154 Satanae
958 3107 1130 3169 rumpantur

72 3188 121 3241 ilia
141 3198 200 3242 etc.
234 3187 433 3242 Carolstadius
458 3188 559 3259 vipera
583 3188 611 3242 in
635 3188 700 3242 sinu
720 3198 824 3242 nostro
849 3188 933 3242 solus
956 3188 1041 3242 mutit
1065 3189 1130 3259 qui.

70 3279 159 3341 dem,
184 3276 237 3331 sed
255 3277 374 3346 prodire
390 3292 452 3330 non
476 3276 580 3333 audet:
606 3277 715 3330 utinam
739 3277 835 3347 ipsum
856 3275 898 3330 tui
916 3276 1063 3348 phanatici
1080 3292 1130 3330 so.

71 3368 152 3419 cium
172 3366 248 3437 apud
266 3382 298 3420 se
315 3365 476 3433 haberent,
497 3379 526 3420 et
543 3383 599 3420 nos
618 3384 654 3420 eo
672 3366 756 3420 liberi
775 3380 919 3421 essemus.
954 3366 1083 3420 salutant
1100 3379 1129 3421 te

73 3471 180 3510 omnes
198 3456 303 3510 nostri.
336 3455 427 3511 Nova
444 3456 494 3511 hic
511 3459 588 3511 nulla
605 3466 691 3524 sunt,
716 3455 771 3511 uisi
790 3457 871 3527 quod
888 3456 1031 3511 Marchio
1050 3452 1131 3528 equi.

119 3704 144 3754 ¹)
163 3699 335 3756 meretricum
347 3700 377 3747 1).
392 3701 488 3754 cunuti
501 3703 548 3750 unt
561 3701 634 3753 icturi
649 3701 865 3755 orarationem
879 3702 1022 3755 obtutuum
1035 3700 1128 3756 actiui,
1151 3747 1153 3752 ,

72 3774 189 3831 Dialogus
203 3775 224 3822 t.
239 3775 255 3821 l.
269 3775 307 3821 ria
326 3775 451 3825 ittuubiidt
465 3775 593 3826 &alstidi
614 3785 657 3828 aar
670 3776 715 3825 nuo
729 3776 798 3824 aitrau
818 3777 841 3826 sn
855 3775 882 3821 l).
897 3778 982 3827 sutura
1000 3776 1025 3822 in
1044 3777 1129 3828 telaria

74 3852 150 3894 utum
164 3848 244 3897 sslifflt
262 3846 409 3897 otttttututi
423 3852 548 3899 aautnnrtf
567 3845 682 3895 ilrirndt
695 3847 750 3898 nat.
768 3848 826 3893 tuiti
840 3847 915 3898 tulitin
929 3842 1062 3902 attinuerit.
1084 3849 1129 3897 tuit

74 3921 112 3967 lat
131 3931 157 3973 tu
176 3919 323 3971 orttautuli
342 3922 380 3966 ott
397 3921 521 3972 waurtttt
542 3921 587 3966 unc
609 3920 752 3972 dirimimus
771 3921 849 3972 finitor
867 3922 950 3968 iltuit.
977 3923 1033 3967 Cum
1052 3913 1128 3980 praef.

73 3994 165 4043 Bucen.
181 3997 238 4043 1ςᾶ
263 3995 312 4046 vir
324 3995 427 4046 ornate
441 3995 467 4050 iu
480 3993 658 4047 uuttutldtut:
677 3995 712 4049 aa
724 3992 860 4049 errantum
872 3998 905 4044 21.
915 3997 977 4050 <suu
990 3999 1059 4047 aaut
1071 4001 1128 4047 1528.
