2558 4726
537 334 627 405 tttt.
1051 336 1111 402 ttt

599 457 601 463 ’
753 492 806 552 tu.
822 492 1077 552 nccccrnxx.
1108 486 1123 503 ‘

426 664 476 736 itt
497 663 621 736 iiiuc.
645 662 748 736 itui.

301 843 357 893 tior
371 843 412 891 tut
425 843 627 899 wierutiutrrm
641 845 756 899 cortitum
768 855 793 895 u.
806 855 826 894 r.
841 856 872 894 tu.

196 1125 249 1180 Str
262 1124 426 1174 Auritaber
438 1127 468 1174 11.
479 1129 527 1189 ³76„
552 1126 652 1181 wiid
664 1128 706 1183 Μ
718 1127 813 1180 maid
825 1129 900 1177 xvtt.
913 1128 970 1180 titt.

61 1260 213 1361 Gratiam
230 1316 259 1362 et
276 1322 392 1379 pacem.
427 1307 569 1366 Gratulor
584 1308 637 1363 tihi
649 1309 810 1365 secundam
823 1309 942 1365 filiolam
959 1317 989 1366 et
1005 1324 1118 1366 novum

62 1413 199 1450 amorem
221 1407 249 1453 et
266 1398 404 1466 gaudium
423 1399 540 1467 cordis,
562 1399 602 1452 mi
621 1398 818 1455 Wenceslae:
842 1399 978 1457 Christus
1003 1401 1117 1470 tavent,

60 1497 97 1542 ut
112 1487 212 1542 felices
230 1487 295 1543 sitis
314 1498 344 1542 et
361 1488 434 1544 seiri
451 1488 645 1561 permaneatis
662 1505 777 1545 omnen.

129 1632 183 1688 De
201 1632 398 1706 Anabaptiatia
415 1634 504 1690 etiam
520 1634 637 1691 aliunde
652 1637 745 1691 multa
760 1636 947 1705 scribuntur,
969 1636 1022 1692 aed
1042 1635 1120 1708 apud

57 1736 120 1778 noa
133 1722 195 1779 Dei
211 1723 300 1792 gratia
315 1738 376 1794 pax
392 1733 449 1779 ear.
483 1724 682 1781 Camistadiua
700 1735 798 1781 tamen
812 1737 927 1795 manet,
944 1727 1038 1798 qualia
1056 1726 1119 1793 fuit,

58 1829 101 1866 ne
120 1811 228 1880 dicam,
239 1812 415 1883 pertinacior
426 1810 468 1880 fit,
484 1813 539 1868 aed
553 1814 669 1882 cogitur
685 1813 785 1870 aiiere.
814 1814 1119 1869 Amiachtrermemm

62 1917 167 1957 meum
184 1902 292 1957 vidisse
309 1911 338 1957 te
356 1912 449 1973 puto,
466 1901 645 1959 arthemam
662 1903 698 1958 de
711 1903 834 1974 digamia
848 1903 1079 1975 Episcopomm.
1090 1900 1120 1972 ⁸)

66 1991 269 2048 Conatantiam
286 1991 541 2064 Anabaptistarum
556 1992 746 2048 morientium
762 1991 894 2048 arbitror
908 1993 1034 2048 similem
1052 2009 1122 2050 attae

63 2080 105 2137 itti
114 2120 127 2150 ,
142 2097 201 2154 qua
218 2082 401 2150 Augustinus
419 2080 549 2136 celebrat
564 2081 758 2150 Donatistae,
775 2090 805 2136 at
819 2079 977 2154 doaephua
987 2080 1120 2141 Judaeor

66 2171 97 2226 in
115 2180 227 2226 vastate
242 2168 430 2239 Jerusalem,
453 2180 484 2225 et
499 2170 592 2225 multa
607 2171 670 2224 talia
688 2171 821 2225 furorem
839 2186 905 2226 ease
922 2171 1042 2226 Satanae
1059 2188 1121 2227 non

64 2271 117 2317 eat
140 2260 281 2329 dubium,
307 2259 483 2331 praesertim
505 2259 557 2314 ubi
580 2259 624 2315 sio
647 2259 816 2315 moriuntur
841 2277 912 2316 cum
936 2259 1122 2333 blasphemia

65 2352 259 2409 Saommenti.
288 2351 385 2406 Sancti
397 2361 553 2421 martyres,
571 2360 604 2404 ut
614 2359 719 2404 noster
733 2351 906 2406 Leouardus
918 2351 1037 2420 Keiser‚
1050 2366 1120 2407 cum

64 2442 176 2498 timore
198 2452 229 2498 et
246 2441 407 2496 humiiitate
424 2456 587 2512 magnaque
609 2440 696 2494 animi
718 2457 786 2511 erga
801 2441 904 2496 horter
922 2441 1039 2507 ienitate
1055 2457 1122 2496 mo.
1166 2443 1169 2447 '

63 2533 195 2588 riantur:
221 2531 260 2586 iili
279 2547 353 2586 vero
370 2530 454 2602 quaai
471 2528 606 2585 hostium
621 2529 718 2585 taedio
735 2541 765 2585 et
782 2529 1121 2604 indignatione'pertina.

61 2622 142 2680 oium
159 2637 244 2679 ruam
261 2607 385 2692 augere,
404 2629 434 2675 et
450 2620 493 2674 aic
509 2619 586 2674 mori
604 2620 751 2675 videntur.

128 2767 192 2824 Pro
210 2765 371 2824 seminibus
389 2765 491 2821 missis
508 2765 616 2836 gratias
633 2760 700 2834 ago.
733 2765 919 2821 Commendo
936 2782 985 2821 me
1009 2775 1038 2821 et
1054 2776 1119 2821 trn.

63 2858 189 2912 tationes
205 2871 287 2911 meaa
305 2854 442 2925 precibus
459 2855 528 2910 tuta.
562 2854 701 2909 Durema
726 2863 756 2909 et
771 2854 991 2926 Volprachtua,
1014 2850 1118 2926 optimi

66 2945 136 3011 viri,
147 2949 172 3007 1)
189 2945 249 3016 rapi
269 2945 340 2998 mihi
357 2944 505 3010 videntur,
523 2959 560 2996 ne
577 2943 695 2997 videant
710 2944 786 2997 mala
802 2944 857 2998 ista
874 2944 1000 2999 furentia
1018 2956 1047 3000 et
1065 2945 1119 2998 im.

64 3035 233 3109 pendentia.
270 3035 405 3105 Undique
416 3032 494 3087 belia
505 3032 658 3086 minaciter
669 3032 846 3104 impendent.
880 3033 1015 3090 Christus
1028 3033 1119 3087 mise.

61 3136 167 3182 reatur
175 3124 285 3192 nostri,
301 3125 410 3178 Amen.
442 3122 528 3178 Feria
538 3126 564 3179 3.
576 3131 648 3193 post
659 3122 797 3190 Cumara,
815 3138 891 3178 anno
903 3122 1084 3179 Mnxxvtt
1093 3123 1117 3179 t.

128 3269 226 3326 Hodie
255 3268 454 3342 proficiscitur
484 3267 670 3322 Pomeranus
696 3268 917 3337 Brunswigum,
952 3266 1115 3328 serviturae

61 3361 177 3434 aiiquot
193 3358 299 3416 diebus
317 3358 439 3413 Christo
456 3357 486 3412 in
501 3356 664 3426 Evangelio
681 3357 756 3426 ejus.

756 3497 904 3558 Martinus
925 3502 1049 3558 Luther.

113 3780 135 3831 1)
149 3778 189 3827 ἐν
203 3777 250 3822 tuti
262 3775 323 3826 ttidri
336 3773 435 3828 oniimir
449 3772 522 3829 viria,
535 3772 590 3826 auti
603 3773 628 3820 ri
642 3772 729 3825 otiien.

59 3912 292 3928 m

112 4012 137 4066 η
155 4007 253 4056 viret.
267 4008 285 4061 t.
298 4011 344 4058 aar.
368 4007 433 4070 ren.
447 4007 464 4054 t.
476 4009 524 4060 os.
549 4007 790 4058 maruntium.
