<?xml version="1.0" encoding="UTF-8"?>
<!DOCTYPE html PUBLIC "-//W3C//DTD XHTML 1.0 Transitional//EN"
    "http://www.w3.org/TR/xhtml1/DTD/xhtml1-transitional.dtd">
<html xmlns="http://www.w3.org/1999/xhtml" xml:lang="en" lang="en">
 <head>
  <title>
</title>
<meta http-equiv="Content-Type" content="text/html;charset=utf-8" />
  <meta name='ocr-system' content='tesseract 3.04.00' />
  <meta name='ocr-capabilities' content='ocr_page ocr_carea ocr_par ocr_line ocrx_word'/>
</head>
<body>
  <div class='ocr_page' id='page_1' title='image "./briefesendschre06luthgoog/briefesendschre06luthgoog_0033.png"; bbox 0 0 2558 5048; ppageno 0'>
   <div class='ocr_carea' id='block_1_1' title="bbox 186 332 755 402">
    <p class='ocr_par' dir='ltr' id='par_1_1' title="bbox 186 332 755 402">
     <span class='ocr_line' id='line_1_1' title="bbox 186 332 755 402; baseline 0.012 -7"><span class='ocrx_word' id='word_1_1' title='bbox 186 332 225 395; x_wconf 76' lang='lat'>10</span> <span class='ocrx_word' id='word_1_2' title='bbox 665 339 755 402; x_wconf 73' lang='lat'><strong>1525.</strong></span> 
     </span>
    </p>
   </div>
   <div class='ocr_carea' id='block_1_2' title="bbox 175 488 1236 1279">
    <p class='ocr_par' dir='ltr' id='par_1_2' title="bbox 175 488 1236 1279">
     <span class='ocr_line' id='line_1_2' title="bbox 183 488 1234 565; baseline 0.005 -23"><span class='ocrx_word' id='word_1_3' title='bbox 183 488 245 543; x_wconf 75' lang='lat' dir='ltr'>seri</span> <span class='ocrx_word' id='word_1_4' title='bbox 255 505 400 561; x_wconf 75' lang='lat' dir='ltr'><strong>personae</strong></span> <span class='ocrx_word' id='word_1_5' title='bbox 423 489 502 548; x_wconf 83' lang='lat' dir='ltr'>larva</span> <span class='ocrx_word' id='word_1_6' title='bbox 525 503 584 548; x_wconf 83' lang='lat' dir='ltr'>tarn</span> <span class='ocrx_word' id='word_1_7' title='bbox 602 508 685 549; x_wconf 83' lang='lat' dir='ltr'><strong>meae</strong></span> <span class='ocrx_word' id='word_1_8' title='bbox 703 511 791 565; x_wconf 88' lang='lat' dir='ltr'><strong>quam</strong></span> <span class='ocrx_word' id='word_1_9' title='bbox 808 493 920 565; x_wconf 85' lang='lat' dir='ltr'>puellae</span> <span class='ocrx_word' id='word_1_10' title='bbox 945 492 1016 549; x_wconf 83' lang='lat' dir='ltr'>ilios·</span> <span class='ocrx_word' id='word_1_11' title='bbox 1032 492 1181 549; x_wconf 84' lang='lat' dir='ltr'>dementat</span> <span class='ocrx_word' id='word_1_12' title='bbox 1204 498 1234 547; x_wconf 77' lang='lat' dir='ltr'>et</span> 
     </span>
     <span class='ocr_line' id='line_1_3' title="bbox 183 579 1234 653; baseline 0.003 -21"><span class='ocrx_word' id='word_1_13' title='bbox 183 579 271 650; x_wconf 81' lang='lat' dir='ltr'>impia</span> <span class='ocrx_word' id='word_1_14' title='bbox 289 582 418 650; x_wconf 84' lang='lat' dir='ltr'>cogitare</span> <span class='ocrx_word' id='word_1_15' title='bbox 436 594 465 637; x_wconf 87' lang='lat' dir='ltr'>et</span> <span class='ocrx_word' id='word_1_16' title='bbox 482 584 582 637; x_wconf 87' lang='lat' dir='ltr'>diccre</span> <span class='ocrx_word' id='word_1_17' title='bbox 600 586 676 639; x_wconf 83' lang='lat' dir='ltr'>iacit.</span> <span class='ocrx_word' id='word_1_18' title='bbox 711 584 768 638; x_wconf 86' lang='lat' dir='ltr'>Sed</span> <span class='ocrx_word' id='word_1_19' title='bbox 784 583 935 638; x_wconf 81' lang='lat' dir='ltr'>Dominus</span> <span class='ocrx_word' id='word_1_20' title='bbox 952 583 1041 650; x_wconf 81' lang='lat' dir='ltr'>vivit,</span> <span class='ocrx_word' id='word_1_21' title='bbox 1069 583 1120 653; x_wconf 92' lang='lat' dir='ltr'>qui</span> <span class='ocrx_word' id='word_1_22' title='bbox 1138 582 1234 652; x_wconf 82' lang='lat' dir='ltr'>major</span> 
     </span>
     <span class='ocr_line' id='line_1_4' title="bbox 184 658 1232 743; baseline 0.003 -22"><span class='ocrx_word' id='word_1_23' title='bbox 184 679 230 721; x_wconf 89' lang='lat' dir='ltr'>est</span> <span class='ocrx_word' id='word_1_24' title='bbox 246 669 276 722; x_wconf 91' lang='lat' dir='ltr'>in</span> <span class='ocrx_word' id='word_1_25' title='bbox 287 670 391 738; x_wconf 88' lang='lat' dir='ltr'>nobis,</span> <span class='ocrx_word' id='word_1_26' title='bbox 409 687 497 742; x_wconf 87' lang='lat' dir='ltr'><strong>quam</strong></span> <span class='ocrx_word' id='word_1_27' title='bbox 514 670 580 739; x_wconf 83' lang='lat' dir='ltr'>iiie,</span> <span class='ocrx_word' id='word_1_28' title='bbox 597 672 692 743; x_wconf 91' lang='lat' dir='ltr'>quiin</span> <span class='ocrx_word' id='word_1_29' title='bbox 704 672 814 726; x_wconf 87' lang='lat' dir='ltr'>mundo</span> <span class='ocrx_word' id='word_1_30' title='bbox 831 680 894 738; x_wconf 84' lang='lat' dir='ltr'>cst,</span> <span class='ocrx_word' id='word_1_31' title='bbox 912 680 941 726; x_wconf 88' lang='lat' dir='ltr'>et</span> <span class='ocrx_word' id='word_1_32' title='bbox 958 664 1058 743; x_wconf 81' lang='lat' dir='ltr'>piures</span> <span class='ocrx_word' id='word_1_33' title='bbox 1071 658 1232 727; x_wconf 80' lang='lat' dir='ltr'>nobiscum</span> 
     </span>
     <span class='ocr_line' id='line_1_5' title="bbox 175 757 1232 836; baseline 0.002 -23"><span class='ocrx_word' id='word_1_34' title='bbox 175 766 270 827; x_wconf 68' lang='lat' dir='ltr'>sunt,</span> <span class='ocrx_word' id='word_1_35' title='bbox 304 777 392 830; x_wconf 81' lang='lat' dir='ltr'>quarn</span> <span class='ocrx_word' id='word_1_36' title='bbox 416 757 486 815; x_wconf 89' lang='lat' dir='ltr'>‘oum</span> <span class='ocrx_word' id='word_1_37' title='bbox 508 762 574 817; x_wconf 85' lang='lat' dir='ltr'>illis.</span> <span class='ocrx_word' id='word_1_38' title='bbox 614 761 685 816; x_wconf 72' lang='lat' dir='ltr'>Vale</span> <span class='ocrx_word' id='word_1_39' title='bbox 711 762 739 817; x_wconf 92' lang='lat' dir='ltr'>in</span> <span class='ocrx_word' id='word_1_40' title='bbox 762 762 901 831; x_wconf 81' lang='lat' dir='ltr'>Christo,</span> <span class='ocrx_word' id='word_1_41' title='bbox 928 771 957 816; x_wconf 90' lang='lat' dir='ltr'>et</span> <span class='ocrx_word' id='word_1_42' title='bbox 979 762 1131 817; x_wconf 79' lang='lat' dir='ltr'>Dominus</span> <span class='ocrx_word' id='word_1_43' title='bbox 1154 761 1232 836; x_wconf 81' lang='lat' dir='ltr'>viam</span> 
     </span>
     <span class='ocr_line' id='line_1_6' title="bbox 181 838 1236 923; baseline 0 -21"><span class='ocrx_word' id='word_1_44' title='bbox 181 859 262 902; x_wconf 88' lang='lat' dir='ltr'>tuam</span> <span class='ocrx_word' id='word_1_45' title='bbox 280 860 310 903; x_wconf 87' lang='lat' dir='ltr'>et</span> <span class='ocrx_word' id='word_1_46' title='bbox 327 838 405 921; x_wconf 70' lang='lat' dir='ltr'>opus&#39;</span> <span class='ocrx_word' id='word_1_47' title='bbox 419 861 503 905; x_wconf 88' lang='lat' dir='ltr'>tuum</span> <span class='ocrx_word' id='word_1_48' title='bbox 520 853 660 906; x_wconf 85' lang='lat' dir='ltr'>fortunet.</span> <span class='ocrx_word' id='word_1_49' title='bbox 693 853 762 923; x_wconf 82' lang='lat' dir='ltr'>Ipse</span> <span class='ocrx_word' id='word_1_50' title='bbox 783 852 861 905; x_wconf 88' lang='lat' dir='ltr'>enim</span> <span class='ocrx_word' id='word_1_51' title='bbox 879 851 950 906; x_wconf 82' lang='lat' dir='ltr'>dixit</span> <span class='ocrx_word' id='word_1_52' title='bbox 967 854 1067 922; x_wconf 85' lang='lat' dir='ltr'>(pater</span> <span class='ocrx_word' id='word_1_53' title='bbox 1083 848 1236 919; x_wconf 85' lang='lat' dir='ltr'>orphano.</span> 
     </span>
     <span class='ocr_line' id='line_1_7' title="bbox 180 939 1232 1009; baseline 0.002 -18"><span class='ocrx_word' id='word_1_54' title='bbox 180 952 248 992; x_wconf 88' lang='lat' dir='ltr'>rum</span> <span class='ocrx_word' id='word_1_55' title='bbox 266 950 294 993; x_wconf 92' lang='lat' dir='ltr'>et</span> <span class='ocrx_word' id='word_1_56' title='bbox 307 939 402 1009; x_wconf 88' lang='lat' dir='ltr'>judex</span> <span class='ocrx_word' id='word_1_57' title='bbox 419 940 601 1007; x_wconf 86' lang='lat' dir='ltr'>viduarum):</span> <span class='ocrx_word' id='word_1_58' title='bbox 625 958 691 995; x_wconf 85' lang='lat' dir='ltr'>non</span> <span class='ocrx_word' id='word_1_59' title='bbox 714 947 743 994; x_wconf 82' lang='lat' dir='ltr'>te</span> <span class='ocrx_word' id='word_1_60' title='bbox 763 941 923 1009; x_wconf 84' lang='lat' dir='ltr'>deseram,</span> <span class='ocrx_word' id='word_1_61' title='bbox 946 957 1012 995; x_wconf 81' lang='lat' dir='ltr'>non</span> <span class='ocrx_word' id='word_1_62' title='bbox 1034 940 1232 1009; x_wconf 77' lang='lat' dir='ltr'><strong><em>relinquam,</em></strong></span> 
     </span>
     <span class='ocr_line' id='line_1_8' title="bbox 181 1026 1231 1100; baseline 0.004 -22"><span class='ocrx_word' id='word_1_63' title='bbox 181 1038 215 1082; x_wconf 87' lang='lat' dir='ltr'>ut</span> <span class='ocrx_word' id='word_1_64' title='bbox 230 1029 414 1084; x_wconf 84' lang='lat' dir='ltr'>confidenter</span> <span class='ocrx_word' id='word_1_65' title='bbox 430 1030 578 1087; x_wconf 81' lang='lat' dir='ltr'>dicamus:</span> <span class='ocrx_word' id='word_1_66' title='bbox 596 1030 757 1085; x_wconf 80' lang='lat' dir='ltr'><em>Dominus</em></span> <span class='ocrx_word' id='word_1_67' title='bbox 767 1029 848 1084; x_wconf 69' lang='lat' dir='ltr'>anila·</span> <span class='ocrx_word' id='word_1_68' title='bbox 863 1031 1010 1100; x_wconf 65' lang='lat' dir='ltr'>adficior,</span> <span class='ocrx_word' id='word_1_69' title='bbox 1026 1046 1092 1083; x_wconf 81' lang='lat' dir='ltr'>non</span> <span class='ocrx_word' id='word_1_70' title='bbox 1109 1026 1231 1097; x_wconf 78' lang='lat' dir='ltr'><em>timebo,</em></span> 
     </span>
     <span class='ocr_line' id='line_1_9' title="bbox 180 1117 1232 1190; baseline 0.003 -20"><span class='ocrx_word' id='word_1_71' title='bbox 180 1135 260 1190; x_wconf 84' lang='lat' dir='ltr'>quoe</span> <span class='ocrx_word' id='word_1_72' title='bbox 276 1117 388 1188; x_wconf 77' lang='lat' dir='ltr'>saciat</span> <span class='ocrx_word' id='word_1_73' title='bbox 404 1119 483 1173; x_wconf 73' lang='lat' dir='ltr'>milii</span> <span class='ocrx_word' id='word_1_74' title='bbox 507 1118 610 1175; x_wconf 77' lang='lat' dir='ltr'>bomo.</span> <span class='ocrx_word' id='word_1_75' title='bbox 645 1121 827 1174; x_wconf 86' lang='lat' dir='ltr'>Cotnmenda</span> <span class='ocrx_word' id='word_1_76' title='bbox 852 1136 900 1174; x_wconf 85' lang='lat' dir='ltr'>me</span> <span class='ocrx_word' id='word_1_77' title='bbox 918 1121 994 1174; x_wconf 87' lang='lat' dir='ltr'>hero</span> <span class='ocrx_word' id='word_1_78' title='bbox 1017 1129 1081 1174; x_wconf 86' lang='lat' dir='ltr'>tuo.</span> <span class='ocrx_word' id='word_1_79' title='bbox 1114 1119 1232 1174; x_wconf 83' lang='lat' dir='ltr'>Witen.</span> 
     </span>
     <span class='ocr_line' id='line_1_10' title="bbox 180 1206 1004 1279; baseline 0 -16"><span class='ocrx_word' id='word_1_80' title='bbox 180 1206 286 1278; x_wconf 81' lang='lat' dir='ltr'>bergac</span> <span class='ocrx_word' id='word_1_81' title='bbox 305 1208 451 1264; x_wconf 83' lang='lat' dir='ltr'>Sabbatho</span> <span class='ocrx_word' id='word_1_82' title='bbox 469 1220 539 1279; x_wconf 86' lang='lat' dir='ltr'>post</span> <span class='ocrx_word' id='word_1_83' title='bbox 555 1210 728 1277; x_wconf 81' lang='lat' dir='ltr'>Trinitatis,</span> <span class='ocrx_word' id='word_1_84' title='bbox 745 1227 821 1265; x_wconf 90' lang='lat' dir='ltr'>anno</span> <span class='ocrx_word' id='word_1_85' title='bbox 839 1209 1004 1264; x_wconf 76' lang='lat' dir='ltr'>MDXXV.</span> 
     </span>
    </p>
   </div>
   <div class='ocr_carea' id='block_1_3' title="bbox 845 1312 1195 1370">
    <p class='ocr_par' dir='ltr' id='par_1_3' title="bbox 845 1312 1195 1370">
     <span class='ocr_line' id='line_1_11' title="bbox 845 1312 1195 1370; baseline -0.006 0"><span class='ocrx_word' id='word_1_86' title='bbox 845 1316 886 1370; x_wconf 87' lang='grc' dir='ltr'>Τ.</span> <span class='ocrx_word' id='word_1_87' title='bbox 904 1314 1053 1370; x_wconf 82' lang='lat' dir='ltr'>Martinus</span> <span class='ocrx_word' id='word_1_88' title='bbox 1070 1312 1195 1368; x_wconf 84' lang='lat' dir='ltr'>Luther.</span> 
     </span>
    </p>
   </div>
   <div class='ocr_carea' id='block_1_4' title="bbox 439 1517 961 1533">
    <p class='ocr_par' dir='ltr' id='par_1_4' title="bbox 439 1517 961 1533">
     <span class='ocr_line' id='line_1_12' title="bbox 439 1517 961 1533; baseline 0 -2"><span class='ocrx_word' id='word_1_89' title='bbox 439 1517 961 1533; x_wconf 51' lang='lat' dir='ltr'>*uu—”affl</span> 
     </span>
    </p>
   </div>
   <div class='ocr_carea' id='block_1_5' title="bbox 212 1626 1205 1733">
    <p class='ocr_par' dir='ltr' id='par_1_5' title="bbox 212 1626 1205 1733">
     <span class='ocr_line' id='line_1_13' title="bbox 212 1626 1205 1733; baseline -0.002 -13"><span class='ocrx_word' id='word_1_90' title='bbox 212 1669 253 1723; x_wconf 82' lang='lat' dir='ltr'>ao.</span> <span class='ocrx_word' id='word_1_91' title='bbox 270 1663 418 1733; x_wconf 70' lang='lat' dir='ltr'>nantas.</span> <span class='ocrx_word' id='word_1_92' title='bbox 825 1626 829 1639; x_wconf 74' lang='lat'>&#39;</span> <span class='ocrx_word' id='word_1_93' title='bbox 975 1664 1027 1718; x_wconf 76' lang='lat' dir='ltr'>ua</span> <span class='ocrx_word' id='word_1_94' title='bbox 1044 1661 1205 1718; x_wconf 77' lang='lat' dir='ltr'>nccax..</span> 
     </span>
    </p>
   </div>
   <div class='ocr_carea' id='block_1_6' title="bbox 542 1794 871 1887">
    <p class='ocr_par' dir='ltr' id='par_1_6' title="bbox 542 1794 871 1887">
     <span class='ocr_line' id='line_1_14' title="bbox 542 1794 871 1887; baseline -0.009 -1"><span class='ocrx_word' id='word_1_95' title='bbox 542 1818 589 1886; x_wconf 72' lang='lat' dir='ltr'>sa</span> <span class='ocrx_word' id='word_1_96' title='bbox 614 1816 736 1887; x_wconf 62' lang='lat' dir='ltr'>asena</span> <span class='ocrx_word' id='word_1_97' title='bbox 759 1794 871 1887; x_wconf 56' lang='lat' dir='ltr'>titi}</span> 
     </span>
    </p>
   </div>
   <div class='ocr_carea' id='block_1_7' title="bbox 177 1942 1233 2172">
    <p class='ocr_par' dir='ltr' id='par_1_7' title="bbox 177 1942 1233 2172">
     <span class='ocr_line' id='line_1_15' title="bbox 227 1942 1233 2029; baseline -0.009 -7"><span class='ocrx_word' id='word_1_98' title='bbox 227 1970 289 2022; x_wconf 72' lang='lat' dir='ltr'>stan</span> <span class='ocrx_word' id='word_1_99' title='bbox 302 1972 364 2020; x_wconf 75' lang='lat' dir='ltr'>tinet</span> <span class='ocrx_word' id='word_1_100' title='bbox 378 1972 516 2029; x_wconf 60' lang='lat' dir='ltr'>uenierunt</span> <span class='ocrx_word' id='word_1_101' title='bbox 530 1972 585 2020; x_wconf 74' lang='lat' dir='ltr'>iisse</span> <span class='ocrx_word' id='word_1_102' title='bbox 598 1976 645 2026; x_wconf 69' lang='lat' dir='ltr'>irin</span> <span class='ocrx_word' id='word_1_103' title='bbox 659 1975 724 2025; x_wconf 67' lang='lat' dir='ltr'>utun</span> <span class='ocrx_word' id='word_1_104' title='bbox 740 1970 865 2021; x_wconf 77' lang='lat' dir='ltr'>nittt&#39;tie</span> <span class='ocrx_word' id='word_1_105' title='bbox 883 1942 1052 2023; x_wconf 73' lang='lat' dir='ltr'>annosarum</span> <span class='ocrx_word' id='word_1_106' title='bbox 1065 1970 1163 2019; x_wconf 66' lang='lat' dir='ltr'>titum</span> <span class='ocrx_word' id='word_1_107' title='bbox 1177 1962 1233 2015; x_wconf 66' lang='lat' dir='ltr'>iiits&#39;</span> 
     </span>
     <span class='ocr_line' id='line_1_16' title="bbox 180 2040 1228 2105; baseline -0.002 -14"><span class='ocrx_word' id='word_1_108' title='bbox 180 2045 229 2097; x_wconf 73' lang='lat' dir='ltr'>atat</span> <span class='ocrx_word' id='word_1_109' title='bbox 243 2048 266 2094; x_wconf 66' lang='lat' dir='ltr'>t*-</span> <span class='ocrx_word' id='word_1_110' title='bbox 279 2047 356 2098; x_wconf 77' lang='lat' dir='ltr'>fetata</span> <span class='ocrx_word' id='word_1_111' title='bbox 369 2046 575 2105; x_wconf 71' lang='lat' dir='ltr'>ptotettfnnaat</span> <span class='ocrx_word' id='word_1_112' title='bbox 589 2056 633 2099; x_wconf 59' lang='lat' dir='ltr'>ani</span> <span class='ocrx_word' id='word_1_113' title='bbox 646 2049 697 2095; x_wconf 78' lang='lat' dir='ltr'>tatu</span> <span class='ocrx_word' id='word_1_114' title='bbox 710 2047 777 2097; x_wconf 73' lang='lat' dir='ltr'>abaci</span> <span class='ocrx_word' id='word_1_115' title='bbox 790 2044 832 2100; x_wconf 75' lang='lat' dir='ltr'>tei</span> <span class='ocrx_word' id='word_1_116' title='bbox 845 2047 885 2095; x_wconf 67' lang='lat' dir='ltr'>w.</span> <span class='ocrx_word' id='word_1_117' title='bbox 899 2048 923 2095; x_wconf 68' lang='lat' dir='ltr'>a.</span> <span class='ocrx_word' id='word_1_118' title='bbox 937 2044 986 2092; x_wconf 71' lang='lat' dir='ltr'>itin</span> <span class='ocrx_word' id='word_1_119' title='bbox 997 2040 1108 2097; x_wconf 68' lang='lat' dir='ltr'>onon!</span> <span class='ocrx_word' id='word_1_120' title='bbox 1120 2042 1228 2090; x_wconf 70' lang='lat' dir='ltr'>naitano·</span> 
     </span>
     <span class='ocr_line' id='line_1_17' title="bbox 177 2122 284 2172; baseline 0 -7"><span class='ocrx_word' id='word_1_121' title='bbox 177 2127 221 2172; x_wconf 79' lang='lat' dir='ltr'>nea</span> <span class='ocrx_word' id='word_1_122' title='bbox 235 2122 284 2171; x_wconf 76' lang='lat' dir='ltr'>itit.</span> 
     </span>
    </p>
   </div>
   <div class='ocr_carea' id='block_1_8' title="bbox 627 2225 769 2241">
    <p class='ocr_par' dir='ltr' id='par_1_8' title="bbox 627 2225 769 2241">
     <span class='ocr_line' id='line_1_18' title="bbox 627 2225 769 2241; baseline 0 0"><span class='ocrx_word' id='word_1_123' title='bbox 627 2225 769 2241; x_wconf 46' lang='grc' dir='ltr'>-ῄ</span> 
     </span>
    </p>
   </div>
   <div class='ocr_carea' id='block_1_9' title="bbox 324 2318 1080 2376">
    <p class='ocr_par' dir='ltr' id='par_1_9' title="bbox 324 2318 1080 2376">
     <span class='ocr_line' id='line_1_19' title="bbox 324 2318 1080 2376; baseline -0.007 -8"><span class='ocrx_word' id='word_1_124' title='bbox 324 2322 376 2374; x_wconf 61' lang='grc' dir='ltr'>Μ</span> <span class='ocrx_word' id='word_1_125' title='bbox 390 2320 553 2369; x_wconf 74' lang='lat' dir='ltr'>Aurifaber&#39;</span> <span class='ocrx_word' id='word_1_126' title='bbox 565 2323 593 2368; x_wconf 86' lang='lat' dir='ltr'>n.</span> <span class='ocrx_word' id='word_1_127' title='bbox 607 2324 653 2371; x_wconf 77' lang='lat'>2⁹⁵.</span> <span class='ocrx_word' id='word_1_128' title='bbox 672 2324 693 2369; x_wconf 81' lang='lat' dir='ltr'>b.</span> <span class='ocrx_word' id='word_1_129' title='bbox 719 2320 819 2372; x_wconf 64' lang='lat' dir='ltr'>§statio</span> <span class='ocrx_word' id='word_1_130' title='bbox 832 2322 872 2374; x_wconf 73' lang='lat' dir='ltr'>sea</span> <span class='ocrx_word' id='word_1_131' title='bbox 885 2320 979 2370; x_wconf 60' lang='lat' dir='ltr'>Quid,</span> <span class='ocrx_word' id='word_1_132' title='bbox 992 2318 1023 2376; x_wconf 79' lang='lat' dir='ltr'>X,</span> <span class='ocrx_word' id='word_1_133' title='bbox 1034 2320 1080 2367; x_wconf 62' lang='lat'>843.</span> 
     </span>
    </p>
   </div>
   <div class='ocr_carea' id='block_1_10' title="bbox 174 2454 1230 3375">
    <p class='ocr_par' dir='ltr' id='par_1_10' title="bbox 174 2454 1230 3375">
     <span class='ocr_line' id='line_1_20' title="bbox 178 2454 1229 2571; baseline -0.001 -18"><span class='ocrx_word' id='word_1_134' title='bbox 178 2454 290 2554; x_wconf 76' lang='lat' dir='ltr'>Gratia</span> <span class='ocrx_word' id='word_1_135' title='bbox 308 2511 336 2555; x_wconf 85' lang='lat' dir='ltr'>ct</span> <span class='ocrx_word' id='word_1_136' title='bbox 353 2519 421 2571; x_wconf 85' lang='lat' dir='ltr'><strong>pax.</strong></span> <span class='ocrx_word' id='word_1_137' title='bbox 456 2503 542 2569; x_wconf 75' lang='lat' dir='ltr'>Scio,</span> <span class='ocrx_word' id='word_1_138' title='bbox 560 2505 599 2557; x_wconf 86' lang='lat' dir='ltr'>tni</span> <span class='ocrx_word' id='word_1_139' title='bbox 615 2503 812 2571; x_wconf 82' lang='lat' dir='ltr'>Wenccslae&#39;,</span> <span class='ocrx_word' id='word_1_140' title='bbox 830 2503 962 2557; x_wconf 84' lang='lat' dir='ltr'>libellum</span> <span class='ocrx_word' id='word_1_141' title='bbox 979 2517 1080 2556; x_wconf 76' lang='lat' dir='ltr'>meum</span> <span class='ocrx_word' id='word_1_142' title='bbox 1091 2498 1122 2567; x_wconf 64' lang='lat'>⁴)</span> <span class='ocrx_word' id='word_1_143' title='bbox 1139 2500 1229 2556; x_wconf 77' lang='lat' dir='ltr'>rusti.</span> 
     </span>
     <span class='ocr_line' id='line_1_21' title="bbox 177 2589 1224 2663; baseline 0.002 -20"><span class='ocrx_word' id='word_1_144' title='bbox 177 2607 232 2644; x_wconf 75' lang='lat' dir='ltr'>cos</span> <span class='ocrx_word' id='word_1_145' title='bbox 252 2591 479 2662; x_wconf 85' lang='lat' dir='ltr'>rusticanosque</span> <span class='ocrx_word' id='word_1_146' title='bbox 498 2591 693 2647; x_wconf 83' lang='lat' dir='ltr'>vehementer</span> <span class='ocrx_word' id='word_1_147' title='bbox 710 2592 879 2660; x_wconf 83' lang='lat' dir='ltr'>offenders,</span> <span class='ocrx_word' id='word_1_148' title='bbox 898 2592 984 2663; x_wconf 84' lang='lat' dir='ltr'>idque</span> <span class='ocrx_word' id='word_1_149' title='bbox 1002 2590 1080 2645; x_wconf 83' lang='lat' dir='ltr'>serio</span> <span class='ocrx_word' id='word_1_150' title='bbox 1097 2589 1224 2659; x_wconf 79' lang='lat' dir='ltr'><strong>gaudeo,</strong></span> 
     </span>
     <span class='ocr_line' id='line_1_22' title="bbox 177 2678 1229 2752; baseline -0.002 -21"><span class='ocrx_word' id='word_1_151' title='bbox 177 2695 212 2731; x_wconf 88' lang='lat' dir='ltr'>ac</span> <span class='ocrx_word' id='word_1_152' title='bbox 228 2679 284 2735; x_wconf 78' lang='lat' dir='ltr'>nisi</span> <span class='ocrx_word' id='word_1_153' title='bbox 304 2680 463 2735; x_wconf 82' lang='lat' dir='ltr'>offenderet</span> <span class='ocrx_word' id='word_1_154' title='bbox 480 2697 552 2749; x_wconf 83' lang='lat' dir='ltr'>eos,</span> <span class='ocrx_word' id='word_1_155' title='bbox 569 2699 617 2735; x_wconf 86' lang='lat' dir='ltr'>me</span> <span class='ocrx_word' id='word_1_156' title='bbox 635 2682 806 2736; x_wconf 86' lang='lat' dir='ltr'>offenderet.</span> <span class='ocrx_word' id='word_1_157' title='bbox 840 2680 887 2735; x_wconf 87' lang='lat' dir='ltr'>Sic</span> <span class='ocrx_word' id='word_1_158' title='bbox 899 2681 1043 2752; x_wconf 87' lang='lat' dir='ltr'>prodant,</span> <span class='ocrx_word' id='word_1_159' title='bbox 1062 2679 1144 2751; x_wconf 89' lang='lat' dir='ltr'>quod</span> <span class='ocrx_word' id='word_1_160' title='bbox 1156 2678 1229 2732; x_wconf 86' lang='lat' dir='ltr'>hac.</span> 
     </span>
     <span class='ocr_line' id='line_1_23' title="bbox 175 2769 1228 2841; baseline -0.001 -19"><span class='ocrx_word' id='word_1_161' title='bbox 175 2776 266 2822; x_wconf 82' lang='lat' dir='ltr'>tenus</span> <span class='ocrx_word' id='word_1_162' title='bbox 289 2770 318 2823; x_wconf 91' lang='lat' dir='ltr'>in</span> <span class='ocrx_word' id='word_1_163' title='bbox 334 2769 497 2837; x_wconf 78' lang='lat' dir='ltr'>Evangelio</span> <span class='ocrx_word' id='word_1_164' title='bbox 521 2771 729 2841; x_wconf 77' lang='lat' dir='ltr'>qauresierunt,</span> <span class='ocrx_word' id='word_1_165' title='bbox 755 2771 805 2841; x_wconf 90' lang='lat' dir='ltr'>qui</span> <span class='ocrx_word' id='word_1_166' title='bbox 829 2770 911 2824; x_wconf 90' lang='lat' dir='ltr'>hunc</span> <span class='ocrx_word' id='word_1_167' title='bbox 936 2770 1064 2824; x_wconf 85' lang='lat' dir='ltr'>iibeilum</span> <span class='ocrx_word' id='word_1_168' title='bbox 1082 2769 1228 2822; x_wconf 86' lang='lat' dir='ltr'>damnant.</span> 
     </span>
     <span class='ocr_line' id='line_1_24' title="bbox 176 2857 1229 2929; baseline -0.001 -17"><span class='ocrx_word' id='word_1_169' title='bbox 176 2857 279 2913; x_wconf 82' lang='lat' dir='ltr'>Miror</span> <span class='ocrx_word' id='word_1_170' title='bbox 295 2870 409 2927; x_wconf 78' lang='lat' dir='ltr'>tamen,</span> <span class='ocrx_word' id='word_1_171' title='bbox 428 2875 481 2912; x_wconf 87' lang='lat' dir='ltr'>cur</span> <span class='ocrx_word' id='word_1_172' title='bbox 497 2877 556 2915; x_wconf 83' lang='lat' dir='ltr'>non</span> <span class='ocrx_word' id='word_1_173' title='bbox 574 2869 670 2915; x_wconf 81' lang='lat' dir='ltr'>toturn</span> <span class='ocrx_word' id='word_1_174' title='bbox 689 2860 821 2915; x_wconf 82' lang='lat' dir='ltr'>libellum</span> <span class='ocrx_word' id='word_1_175' title='bbox 842 2860 897 2915; x_wconf 83' lang='lat' dir='ltr'>toti</span> <span class='ocrx_word' id='word_1_176' title='bbox 916 2860 970 2915; x_wconf 84' lang='lat' dir='ltr'>sibi</span> <span class='ocrx_word' id='word_1_177' title='bbox 989 2859 1145 2914; x_wconf 80' lang='lat' dir='ltr'>conferunt</span> <span class='ocrx_word' id='word_1_178' title='bbox 1163 2858 1229 2929; x_wconf 91' lang='lat' dir='ltr'>qui.</span> 
     </span>
     <span class='ocr_line' id='line_1_25' title="bbox 177 2932 1228 3019; baseline -0.001 -20"><span class='ocrx_word' id='word_1_179' title='bbox 177 2944 242 3000; x_wconf 80' lang='lat' dir='ltr'>darn</span> <span class='ocrx_word' id='word_1_180' title='bbox 261 2948 364 3015; x_wconf 82' lang='lat' dir='ltr'>scioli,</span> <span class='ocrx_word' id='word_1_181' title='bbox 389 2965 457 3002; x_wconf 82' lang='lat' dir='ltr'>cuna</span> <span class='ocrx_word' id='word_1_182' title='bbox 476 2932 543 3003; x_wconf 73' lang='lat' dir='ltr'>sese</span> <span class='ocrx_word' id='word_1_183' title='bbox 569 2950 639 3003; x_wconf 86' lang='lat' dir='ltr'>satis</span> <span class='ocrx_word' id='word_1_184' title='bbox 666 2936 815 3018; x_wconf 61' lang='lat' dir='ltr'>caponat,</span> <span class='ocrx_word' id='word_1_185' title='bbox 841 2949 877 3002; x_wconf 88' lang='lat' dir='ltr'>de</span> <span class='ocrx_word' id='word_1_186' title='bbox 900 2949 1007 3019; x_wconf 90' lang='lat' dir='ltr'>quibus</span> <span class='ocrx_word' id='word_1_187' title='bbox 1030 2946 1170 3013; x_wconf 75' lang='lat' dir='ltr'>rusticis,</span> <span class='ocrx_word' id='word_1_188' title='bbox 1191 2945 1228 2999; x_wconf 84' lang='lat' dir='ltr'>de</span> 
     </span>
     <span class='ocr_line' id='line_1_26' title="bbox 176 3035 1230 3109; baseline 0.002 -22"><span class='ocrx_word' id='word_1_189' title='bbox 176 3035 284 3106; x_wconf 86' lang='lat' dir='ltr'>quibus</span> <span class='ocrx_word' id='word_1_190' title='bbox 303 3037 374 3090; x_wconf 81' lang='lat' dir='ltr'>item</span> <span class='ocrx_word' id='word_1_191' title='bbox 391 3038 608 3106; x_wconf 83' lang='lat' dir='ltr'>magistratibus</span> <span class='ocrx_word' id='word_1_192' title='bbox 626 3039 777 3108; x_wconf 85' lang='lat' dir='ltr'>loquatur:</span> <span class='ocrx_word' id='word_1_193' title='bbox 795 3039 848 3092; x_wconf 87' lang='lat' dir='ltr'>sed</span> <span class='ocrx_word' id='word_1_194' title='bbox 865 3039 916 3109; x_wconf 87' lang='lat' dir='ltr'>qni</span> <span class='ocrx_word' id='word_1_195' title='bbox 932 3038 1037 3091; x_wconf 83' lang='lat' dir='ltr'>noiant</span> <span class='ocrx_word' id='word_1_196' title='bbox 1054 3036 1230 3104; x_wconf 75' lang='lat' dir='ltr'>intelligere,</span> 
     </span>
     <span class='ocr_line' id='line_1_27' title="bbox 175 3127 1227 3198; baseline 0.001 -19"><span class='ocrx_word' id='word_1_197' title='bbox 175 3141 236 3179; x_wconf 90' lang='lat' dir='ltr'>non</span> <span class='ocrx_word' id='word_1_198' title='bbox 255 3127 430 3196; x_wconf 72' lang='lat' dir='ltr'>intelligant,</span> <span class='ocrx_word' id='word_1_199' title='bbox 448 3129 498 3198; x_wconf 90' lang='lat' dir='ltr'>qui</span> <span class='ocrx_word' id='word_1_200' title='bbox 517 3129 648 3197; x_wconf 84' lang='lat' dir='ltr'>ignorat,</span> <span class='ocrx_word' id='word_1_201' title='bbox 666 3129 797 3197; x_wconf 84' lang='lat' dir='ltr'>ignoret,</span> <span class='ocrx_word' id='word_1_202' title='bbox 822 3129 891 3183; x_wconf 82' lang='lat' dir='ltr'>satis</span> <span class='ocrx_word' id='word_1_203' title='bbox 910 3139 954 3181; x_wconf 84' lang='lat' dir='ltr'>est</span> <span class='ocrx_word' id='word_1_204' title='bbox 972 3127 1092 3181; x_wconf 84' lang='lat' dir='ltr'>Christo</span> <span class='ocrx_word' id='word_1_205' title='bbox 1108 3127 1227 3198; x_wconf 84' lang='lat' dir='ltr'>placere</span> 
     </span>
     <span class='ocr_line' id='line_1_28' title="bbox 174 3216 1227 3290; baseline 0 -20"><span class='ocrx_word' id='word_1_206' title='bbox 174 3232 271 3270; x_wconf 87' lang='lat' dir='ltr'>meam</span> <span class='ocrx_word' id='word_1_207' title='bbox 296 3217 518 3275; x_wconf 76' lang='lat' dir='ltr'>conscientiam.</span> <span class='ocrx_word' id='word_1_208' title='bbox 552 3218 614 3273; x_wconf 89' lang='lat' dir='ltr'>Pro</span> <span class='ocrx_word' id='word_1_209' title='bbox 635 3219 834 3290; x_wconf 79' lang='lat' dir='ltr'>Apothecario</span> <span class='ocrx_word' id='word_1_210' title='bbox 852 3220 930 3286; x_wconf 84' lang='lat' dir='ltr'>feci,</span> <span class='ocrx_word' id='word_1_211' title='bbox 960 3216 1099 3290; x_wconf 87' lang='lat' dir='ltr'>quicquid</span> <span class='ocrx_word' id='word_1_212' title='bbox 1122 3217 1227 3288; x_wconf 86' lang='lat' dir='ltr'>potui,</span> 
     </span>
     <span class='ocr_line' id='line_1_29' title="bbox 176 3306 1156 3375; baseline 0 -16"><span class='ocrx_word' id='word_1_213' title='bbox 176 3307 248 3360; x_wconf 79' lang='lat' dir='ltr'>satis</span> <span class='ocrx_word' id='word_1_214' title='bbox 266 3306 428 3375; x_wconf 78' lang='lat' dir='ltr'>diligenter.</span> <span class='ocrx_word' id='word_1_215' title='bbox 1152 3308 1156 3313; x_wconf 89' lang='lat'>&#39;</span> 
     </span>
    </p>
   </div>
   <div class='ocr_carea' id='block_1_11' title="bbox 174 3411 1228 3664">
    <p class='ocr_par' dir='ltr' id='par_1_11' title="bbox 174 3411 1228 3664">
     <span class='ocr_line' id='line_1_30' title="bbox 240 3411 1228 3485; baseline 0.002 -20"><span class='ocrx_word' id='word_1_216' title='bbox 240 3412 391 3466; x_wconf 78' lang='lat' dir='ltr'>Dominus</span> <span class='ocrx_word' id='word_1_217' title='bbox 412 3430 459 3468; x_wconf 83' lang='lat' dir='ltr'>nte</span> <span class='ocrx_word' id='word_1_218' title='bbox 483 3414 580 3468; x_wconf 84' lang='lat' dir='ltr'>subito</span> <span class='ocrx_word' id='word_1_219' title='bbox 605 3414 718 3485; x_wconf 85' lang='lat' dir='ltr'>aliaque</span> <span class='ocrx_word' id='word_1_220' title='bbox 743 3413 917 3485; x_wconf 81' lang='lat' dir='ltr'>cogitantem</span> <span class='ocrx_word' id='word_1_221' title='bbox 945 3412 1075 3484; x_wconf 88' lang='lat' dir='ltr'>conjecit</span> <span class='ocrx_word' id='word_1_222' title='bbox 1097 3413 1173 3467; x_wconf 84' lang='lat' dir='ltr'>mire</span> <span class='ocrx_word' id='word_1_223' title='bbox 1196 3411 1228 3467; x_wconf 82' lang='lat' dir='ltr'>in</span> 
     </span>
     <span class='ocr_line' id='line_1_31' title="bbox 175 3501 1228 3574; baseline 0.006 -22"><span class='ocrx_word' id='word_1_224' title='bbox 175 3501 347 3571; x_wconf 77' lang='lat' dir='ltr'>conjugium</span> <span class='ocrx_word' id='word_1_225' title='bbox 364 3520 434 3556; x_wconf 85' lang='lat' dir='ltr'>cunt</span> <span class='ocrx_word' id='word_1_226' title='bbox 448 3502 603 3557; x_wconf 82' lang='lat' dir='ltr'>Catharina</span> <span class='ocrx_word' id='word_1_227' title='bbox 616 3504 760 3569; x_wconf 79' lang='lat' dir='ltr'>Borensi,</span> <span class='ocrx_word' id='word_1_228' title='bbox 778 3503 896 3557; x_wconf 86' lang='lat' dir='ltr'>moniali</span> <span class='ocrx_word' id='word_1_229' title='bbox 915 3504 970 3557; x_wconf 86' lang='lat' dir='ltr'>illa.</span> <span class='ocrx_word' id='word_1_230' title='bbox 1005 3502 1135 3574; x_wconf 85' lang='lat' dir='ltr'><strong>Epulum</strong></span> <span class='ocrx_word' id='word_1_231' title='bbox 1153 3502 1228 3558; x_wconf 81' lang='lat' dir='ltr'>feria</span> 
     </span>
     <span class='ocr_line' id='line_1_32' title="bbox 174 3591 1228 3664; baseline 0.002 -21"><span class='ocrx_word' id='word_1_232' title='bbox 174 3595 201 3644; x_wconf 83' lang='grc'>3.</span> <span class='ocrx_word' id='word_1_233' title='bbox 226 3602 293 3663; x_wconf 84' lang='lat' dir='ltr'>post</span> <span class='ocrx_word' id='word_1_234' title='bbox 314 3592 439 3647; x_wconf 84' lang='lat' dir='ltr'>Joannis</span> <span class='ocrx_word' id='word_1_235' title='bbox 463 3593 556 3659; x_wconf 87' lang='lat' dir='ltr'>dabo,</span> <span class='ocrx_word' id='word_1_236' title='bbox 581 3593 604 3646; x_wconf 88' lang='lat' dir='ltr'>si</span> <span class='ocrx_word' id='word_1_237' title='bbox 631 3609 745 3664; x_wconf 85' lang='lat' dir='ltr'>potero.</span> <span class='ocrx_word' id='word_1_238' title='bbox 785 3592 866 3647; x_wconf 88' lang='lat' dir='ltr'>Noio</span> <span class='ocrx_word' id='word_1_239' title='bbox 891 3604 920 3646; x_wconf 87' lang='lat' dir='ltr'>te</span> <span class='ocrx_word' id='word_1_240' title='bbox 945 3593 1085 3664; x_wconf 84' lang='lat' dir='ltr'>expensis</span> <span class='ocrx_word' id='word_1_241' title='bbox 1103 3591 1228 3659; x_wconf 84' lang='lat' dir='ltr'>vexari,</span> 
     </span>
    </p>
   </div>
   <div class='ocr_carea' id='block_1_12' title="bbox 81 3679 1226 3752">
    <p class='ocr_par' dir='ltr' id='par_1_12' title="bbox 81 3679 1226 3752">
     <span class='ocr_line' id='line_1_33' title="bbox 81 3679 1226 3752; baseline 0.003 -21"><span class='ocrx_word' id='word_1_242' title='bbox 81 3712 85 3724; x_wconf 55' lang='grc' dir='ltr'><strong><em>ι</em></strong></span> <span class='ocrx_word' id='word_1_243' title='bbox 176 3683 229 3733; x_wconf 82' lang='lat' dir='ltr'>sed</span> <span class='ocrx_word' id='word_1_244' title='bbox 247 3682 411 3737; x_wconf 84' lang='lat' dir='ltr'>vocationis</span> <span class='ocrx_word' id='word_1_245' title='bbox 435 3681 524 3750; x_wconf 82' lang='lat' dir='ltr'>inec,</span> <span class='ocrx_word' id='word_1_246' title='bbox 548 3682 672 3736; x_wconf 89' lang='lat' dir='ltr'>absolvo</span> <span class='ocrx_word' id='word_1_247' title='bbox 691 3679 733 3746; x_wconf 73' lang='lat'>⁸¹)</span> <span class='ocrx_word' id='word_1_248' title='bbox 757 3691 786 3735; x_wconf 87' lang='lat' dir='ltr'>tc</span> <span class='ocrx_word' id='word_1_249' title='bbox 810 3699 824 3749; x_wconf 83' lang='lat' dir='ltr'>a</span> <span class='ocrx_word' id='word_1_250' title='bbox 846 3682 945 3736; x_wconf 87' lang='lat' dir='ltr'>debito</span> <span class='ocrx_word' id='word_1_251' title='bbox 963 3681 1102 3736; x_wconf 79' lang='lat' dir='ltr'>reddendi</span> <span class='ocrx_word' id='word_1_252' title='bbox 1119 3680 1226 3752; x_wconf 84' lang='lat' dir='ltr'>scyphi</span> 
     </span>
    </p>
   </div>
   <div class='ocr_carea' id='block_1_13' title="bbox 176 3770 1226 3841">
    <p class='ocr_par' dir='ltr' id='par_1_13' title="bbox 176 3770 1226 3841">
     <span class='ocr_line' id='line_1_34' title="bbox 176 3770 1226 3841; baseline 0.004 -19"><span class='ocrx_word' id='word_1_253' title='bbox 176 3778 327 3824; x_wconf 77' lang='lat' dir='ltr'>consensu</span> <span class='ocrx_word' id='word_1_254' title='bbox 352 3770 500 3824; x_wconf 82' lang='lat' dir='ltr'>Dominae</span> <span class='ocrx_word' id='word_1_255' title='bbox 524 3787 616 3826; x_wconf 85' lang='lat' dir='ltr'>meae.</span> <span class='ocrx_word' id='word_1_256' title='bbox 657 3770 686 3824; x_wconf 88' lang='lat' dir='ltr'>Si</span> <span class='ocrx_word' id='word_1_257' title='bbox 715 3784 810 3824; x_wconf 85' lang='lat' dir='ltr'>tamen</span> <span class='ocrx_word' id='word_1_258' title='bbox 835 3772 970 3838; x_wconf 80' lang='lat' dir='ltr'>venetis,</span> <span class='ocrx_word' id='word_1_259' title='bbox 1004 3771 1074 3825; x_wconf 87' lang='lat' dir='ltr'>nolo</span> <span class='ocrx_word' id='word_1_260' title='bbox 1100 3785 1226 3841; x_wconf 81' lang='lat' dir='ltr'>prorsus</span> 
     </span>
    </p>
   </div>
   <div class='ocr_carea' id='block_1_14' title="bbox 225 3999 1160 4057">
    <p class='ocr_par' dir='ltr' id='par_1_14' title="bbox 225 3999 1160 4057">
     <span class='ocr_line' id='line_1_35' title="bbox 225 3999 1160 4057; baseline 0.012 -12"><span class='ocrx_word' id='word_1_261' title='bbox 225 4007 248 4055; x_wconf 68' lang='lat'>2)</span> <span class='ocrx_word' id='word_1_262' title='bbox 262 4004 294 4053; x_wconf 66' lang='lat' dir='ltr'>t?-</span> <span class='ocrx_word' id='word_1_263' title='bbox 307 4001 351 4048; x_wconf 73' lang='lat' dir='ltr'>No.</span> <span class='ocrx_word' id='word_1_264' title='bbox 366 4002 477 4049; x_wconf 78' lang='lat' dir='ltr'>Dccxv.</span> <span class='ocrx_word' id='word_1_265' title='bbox 539 4006 577 4056; x_wconf 71' lang='lat'>⁸⁸)</span> <span class='ocrx_word' id='word_1_266' title='bbox 591 4003 631 4052; x_wconf 68' lang='grc' dir='ltr'>6ο</span> <span class='ocrx_word' id='word_1_267' title='bbox 644 4004 690 4050; x_wconf 72' lang='lat' dir='ltr'>unt</span> <span class='ocrx_word' id='word_1_268' title='bbox 703 4002 763 4051; x_wconf 74' lang='lat' dir='ltr'>nictu</span> <span class='ocrx_word' id='word_1_269' title='bbox 776 4002 877 4048; x_wconf 78' lang='lat' dir='ltr'>absolve</span> <span class='ocrx_word' id='word_1_270' title='bbox 890 3999 945 4054; x_wconf 75' lang='lat' dir='ltr'>nui</span> <span class='ocrx_word' id='word_1_271' title='bbox 958 4002 983 4050; x_wconf 73' lang='lat' dir='ltr'>ti</span> <span class='ocrx_word' id='word_1_272' title='bbox 995 4002 1057 4056; x_wconf 72' lang='lat' dir='ltr'>troii</span> <span class='ocrx_word' id='word_1_273' title='bbox 1070 3999 1160 4057; x_wconf 64' lang='grc' dir='ltr'>Μαι</span> 
     </span>
    </p>
   </div>
   <div class='ocr_carea' id='block_1_15' title="bbox 0 0 1284 5048">
    <p class='ocr_par' dir='ltr' id='par_1_15' title="bbox 0 0 1284 5048">
     <span class='ocr_line' id='line_1_36' title="bbox 0 0 1284 5048; baseline 0 1"><span class='ocrx_word' id='word_1_274' title='bbox 0 0 1284 5048; x_wconf 95' lang='lat' dir='ltr'> </span> 
     </span>
    </p>
   </div>
  </div>
 </body>
</html>
