2558 4726
591 346 684 414 asso.
809 427 812 433 ¹
1101 341 1164 410 su

106 502 243 560 viderem
258 510 342 574 gesta
359 494 470 560 Christi
492 503 522 559 in
538 501 653 560 scholia
670 516 851 574 puerorum,
863 504 959 563 'ludia'
970 518 1025 560 seu
1042 516 1164 557 comae,

106 594 164 650 diis
181 594 269 649 latine
287 605 318 648 et
333 594 515 664 germanice,
533 594 588 648 rite
605 610 640 647 ac
656 609 730 664 pure
742 592 930 664 compositis,
948 591 1164 663 repraesentari
1186 578 1189 584 ¹

106 694 233 757 propter
255 683 297 738 rei
320 682 513 750 memoriam,
539 693 570 738 et
592 683 731 738 'affectum
749 681 921 752 junioribus
937 684 962 746 ¹)
988 681 1164 751 augendum.

107 775 203 846 Spero
221 783 342 843 autem,
364 772 462 829 omnia
478 772 634 845 paulatim,
660 773 736 828 sicut
753 772 830 828 bene
848 772 966 844 coepit,
991 771 1116 842 pulchre
1132 770 1167 838 ²)

106 864 262 921 formanda
280 880 365 933 esse,
382 864 432 919 ubi
450 879 509 936 pax
525 861 698 933 regnaverit.
731 861 797 933 Ego
815 879 885 917 cum
901 860 1038 933 Principe
1052 861 1172 918 Coburt

107 972 178 1026 gum
204 971 300 1026 usque
323 954 419 1022 vado,
443 964 473 1008 et
494 969 552 1008 una
569 952 726 1023 Philippus
751 961 781 1007 et
801 950 914 1021 Jonas,
940 953 1036 1007 donec
1058 960 1165 1025 notum

107 1045 156 1101 fiat
164 1084 174 1113 ,
192 1043 263 1115 quid
276 1046 427 1114 Augustae
440 1051 578 1098 tentetur.
611 1041 661 1097 Tu
677 1041 740 1108 fac,
756 1049 790 1095 ut
801 1038 941 1096 Ecclesia
952 1050 1001 1094 tua
1014 1040 1167 1111 diligenter

108 1145 174 1190 oret
186 1151 241 1203 pro
258 1134 323 1190 istis
337 1132 492 1200 cnmiriis,
509 1142 539 1188 et
551 1131 726 1189 suavissime
743 1130 771 1186 in
787 1131 878 1201 gratia
891 1129 1001 1186 Christi
1013 1130 1089 1197 vale,
1106 1127 1168 1184 mei

107 1241 231 1299 quoque
246 1239 366 1280 memor
381 1224 423 1280 sis
438 1221 468 1279 in
484 1221 635 1296 precibus.
651 1218 682 1288 ³)
715 1225 741 1277 2.
755 1221 887 1295 Aprilis,
904 1237 980 1276 anno
998 1219 1166 1277 MDxxs,

896 1327 989 1385 Mart.
1005 1324 1133 1383 Luther.

140 1669 295 1740 Milli·
560 1680 562 1683 '
754 1701 758 1709 ‚
880 1668 940 1726 No.
959 1667 1135 1728 Moxcvl.

437 1821 485 1892 tta
505 1819 621 1893 erar.
643 1818 851 1892 sotiarat.

109 1979 177 2032 trull
188 1986 266 2034 utera
279 1979 318 2026 tet
331 1977 451 2037 uultur!
464 1978 528 2028 rinei
542 1974 638 2032 &abac
651 1972 698 2026 unt
707 1970 772 2031 uati
786 1969 848 2028 utut
857 1984 908 2030 suu
918 1975 1041 2032 uetustas
1052 1984 1078 2030 tu
1088 1976 1165 2031 arden.

159 2214 211 2262 uui
225 2213 406 2266 tturtfaiert
418 2214 735 2269 unartrudtereamnuunn
744 2214 785 2265 ten
795 2211 906 2282 editae
919 2212 948 2259 11.
957 2213 1016 2268 1274
1030 2211 1170 2264 auterre·

107 2285 154 2334 itt
168 2288 270 2338 illiserit.
280 2286 319 2332 lll.
329 2287 362 2336 Sl.
376 2288 418 2338 itu
431 2287 552 2332 Strobel
562 2288 699 2334 -ltanner
712 2300 735 2344 p.
746 2288 789 2336 172.
816 2287 865 2337 sin
879 2283 953 2336 stoa
966 2286 1093 2333 caeterum
1106 2286 1169 2342 quod

91 2359 182 2406 *sudio
195 2382 221 2392 -
232 2382 257 2393 -
267 2383 293 2392 -
305 2359 431 2405 molliores
445 2360 519 2406 redde
532 2362 573 2411 ita
585 2361 722 2406 Buddeus
739 2373 762 2418 p.
774 2361 808 2408 dd
823 2361 867 2407 atti
881 2358 1051 2440 coelestin.
1063 2359 1092 2406 ll.
1107 2362 1169 2415 Aur.

108 2433 180 2479 cnut.
196 2432 212 2478 l.
225 2434 259 2482 29.
274 2435 319 2485 unt
332 2431 419 2486 teatio
433 2434 473 2486 itt
487 2432 583 2482 wald
596 2433 660 2480 xvl.
674 2433 722 2484 aad.

109 2567 256 2667 Gratiam
274 2622 304 2668 et
321 2629 426 2685 pacem
443 2612 473 2668 in
491 2613 632 2681 Christo,
650 2613 701 2686 qui
718 2614 891 2679 consoletur
907 2623 938 2670 te
956 2615 984 2669 in
1002 2613 1056 2669 ista
1073 2613 1170 2669 humi.

110 2702 194 2758 litate
212 2714 242 2758 et
259 2703 413 2758 afflictione
430 2714 496 2770 tua,
517 2705 557 2760 mi
576 2704 719 2770 Cordate,
744 2706 810 2776 quis
833 2705 912 2760 enim
928 2705 1002 2758 alius
1021 2703 1101 2758 hunc
1118 2704 1170 2760 do.

106 2794 205 2848 lorem
219 2803 323 2864 posset
337 2794 489 2862 mitigare?
518 2793 597 2850 Nam
610 2793 693 2848 facile
705 2795 815 2863 credo,
833 2810 907 2866 quae
920 2794 1043 2861 scribis,
1060 2795 1169 2864 omnia,

107 2895 213 2956 utpote
237 2894 378 2955 expertus
395 2882 570 2954 hujusmodi
588 2899 708 2952 casum,
734 2884 786 2956 qui
811 2885 901 2956 patris
918 2885 1035 2938 viscera
1055 2885 1173 2952 visitat,

107 2974 321 3046 penetrabilior
336 2975 418 3028 omni
430 2974 526 3044 gladio
544 2974 681 3045 ancipiti,
698 2974 928 3045 pertingensque
945 2989 1040 3044 usque
1058 2974 1169 3029 adme.

109 3065 205 3120 dullas
229 3074 287 3119 etc.
321 3063 377 3118 Sed
405 3080 508 3119 rursus
525 3063 700 3120 meminisse
724 3062 835 3132 debes,
862 3061 935 3119 nihil
952 3064 1058 3116 mirum
1081 3078 1168 3134 esse,

109 3155 136 3210 si
155 3156 197 3221 is,
221 3155 270 3226 qui
286 3154 389 3209 verior
412 3164 443 3208 et
460 3153 584 3227 propior
605 3163 689 3226 pater
712 3162 775 3221 est,
801 3167 890 3224 quam
919 3155 954 3208 tu
979 3152 1086 3222 tueris,
1114 3141 1180 3225 prs⁸

88 3243 177 3298 ·2elo
204 3260 261 3298 suo
281 3244 418 3298 maluerit
440 3243 530 3298 lilium
554 3253 656 3312 tuum,
683 3242 745 3298 imo
769 3259 875 3311 suum,
900 3243 976 3312 apud
998 3259 1051 3310 se,
1077 3260 1168 3316 quam

109 3332 187 3404 apud
207 3341 237 3387 te
255 3349 338 3388 esse:
365 3332 456 3387 tutior
472 3332 549 3387 enim
573 3331 630 3399 ibi,
656 3347 744 3403 quam
766 3329 817 3387 hic
843 3340 897 3387 est.
932 3331 988 3386 Sed
1010 3331 1087 3386 haec
1107 3334 1169 3390 lru.

110 3435 187 3478 stra:
214 3422 306 3477 surdo
322 3421 435 3488 tabula,
464 3421 577 3476 recenti
596 3421 694 3476 adhuc
710 3421 829 3477 dolore:
858 3437 949 3492 quare
966 3438 1046 3477 nunc
1063 3422 1167 3480 cedam

110 3511 225 3579 dolori,
246 3511 314 3582 quie
336 3509 478 3564 luxerunt
496 3508 668 3580 hujusmodi
685 3510 797 3564 luctum
813 3509 942 3580 majores
964 3510 994 3567 et
1013 3497 1166 3582 meliores,

109 3618 200 3674 quam
217 3617 273 3655 nos
294 3615 417 3665 sumus,
436 3616 494 3656 nec
514 3609 611 3654 tamen
624 3599 895 3671 reprehenduntur:
915 3598 986 3654 utile
1007 3609 1166 3657 esttamen

108 3691 160 3746 tibi
180 3690 267 3745 simul
289 3690 343 3745 has
365 3705 487 3761 quoque
503 3698 600 3760 partes
613 3688 779 3744 tentationis
797 3687 943 3756 attigisse,
967 3700 996 3745 ct
1015 3691 1168 3747 conscien-

109 3783 165 3838 tiae
190 3781 252 3836 vim
268 3790 420 3852 gustasse,
448 3788 481 3835 ut
495 3777 589 3848 magis
616 3777 713 3833 discas
742 3777 822 3832 inte
847 3777 933 3849 ipso,
965 3797 1040 3852 quae
1062 3781 1101 3838 sit
1120 3783 1167 3839 via

160 4033 182 4084 tt
195 4027 291 4076 Auris.
306 4024 448 4074 rudioribus.
490 4028 514 4084 2)
526 4024 622 4073 Auris.
636 4024 744 4084 pulchra.
783 4027 807 4078 3)
820 4025 914 4075 Aurll.
928 4029 1164 4089 nenorprecaudo.
