2558 4726
552 320 642 387 1528..
1059 317 1118 386 351

58 475 163 546 gelion
182 483 377 546 receperunt,
401 484 431 530 et
448 473 649 530 Pomeranum
673 491 793 548 quoque
816 484 939 531 vocant:
965 473 1066 530 itidem
1089 482 1120 535 el

61 565 221 632 Gostarh,
248 581 318 635 spes
334 564 437 619 eadem
455 575 501 620 est
518 565 554 620 de
571 565 703 622 Lubeca.
738 565 816 621 Nam
834 577 863 621 et
880 567 963 620 multi
980 568 1061 622 cives
1078 566 1119 640 lu,

61 667 152 723 vent,
170 664 200 708 et
217 655 339 708 Senatus
358 654 512 709 remissius
531 655 625 709 saevit
642 672 676 708 ac
694 657 790 711 minus
808 656 919 710 resistit
935 673 1024 727 quarn
1039 667 1119 714 ante·

59 743 277 801 DoctorPack
295 743 430 814 captivus
447 743 601 811 Langravii
619 743 664 808 (ut
681 745 817 814 sirpicor)
835 745 1029 813 voluntarius,
1047 745 1117 800 hac.

61 845 154 889 tenus
176 833 360 889 insimulatus
385 843 432 888 est
455 832 578 888 linxisse
602 834 708 889 foedus
731 834 801 888 illud
827 835 1012 907 Principum,
1037 852 1117 897 nunc

61 925 174 979 dicitur
188 923 367 990 audiendus,
393 935 422 977 et
446 922 621 994 promisisse
647 939 717 977 cum
736 923 827 992 gloria
843 939 912 979 sese
929 926 1070 996 expedire
1088 935 1119 980 et

59 1031 211 1070 excusare
228 1014 315 1068 velle.
349 1012 435 1068 Faxit
452 1013 605 1078 Christus,
625 1022 657 1068 ut
673 1013 780 1068 techna
797 1014 843 1068 illa
860 1013 890 1069 in
907 1026 995 1087 caput
1013 1016 1118 1071 rustici
1199 1012 1203 1021 '

59 1106 143 1162 illius
159 1105 274 1172 veniat,
293 1119 383 1174 quem
401 1120 456 1172 ego
474 1112 609 1156 autorem
626 1118 695 1157 esse
713 1103 831 1173 cogito,
856 1103 918 1160 hoc
936 1115 998 1170 ert,
1022 1105 1118 1161 nostri

61 1194 172 1249 summi
193 1192 369 1258 adversarii,
394 1207 484 1263 quem
508 1191 605 1259 nosti,
629 1193 737 1247 Amen.
771 1192 853 1247 Mira
879 1195 955 1250 enim
980 1196 1118 1263 mysteria

62 1293 138 1339 sunt
150 1284 179 1337 in
187 1283 247 1338 iste
259 1283 391 1350 foedere,
403 1281 455 1334 sed
466 1280 541 1347 sine,
554 1279 625 1334 nihil
636 1291 784 1352 opertum,
798 1285 879 1354 quod
889 1300 950 1338 non
962 1286 1116 1340 reveletur.

61 1375 180 1429 Iterum
194 1373 257 1428 vale
274 1387 344 1426 cum
361 1372 421 1427 vite
439 1380 468 1425 et
486 1371 552 1426 uvis
572 1371 638 1426 tuis.
674 1366 715 1425 14.
732 1372 822 1440 Julli,
844 1373 1050 1429 MDxxvtss.

758 1477 907 1536 Martinus
923 1478 1083 1540 Lumerus.

92 1818 152 1889 {lut
169 1816 306 1888 {lullus
324 1818 372 1890 (l)
893 1817 946 1875 ΝΘ.
963 1817 1083 1877 Mxlv.
1149 1894 1153 1900 Ι

447 1970 497 2045 lla
526 1966 620 2051 {lol-
651 1965 742 2050 tet·

402 2127 474 2177 urhe
485 2126 527 2181 lul
541 2123 643 2180 lludsdlt
656 2123 779 2179 ulutate.

211 2368 263 2422 hier
275 2367 440 2416 Aurliaber
452 2367 482 2416 11.
494 2368 540 2416 3⁷9.
559 2367 658 2420 veuttd
672 2368 712 2420 lan
726 2365 820 2418 wald
833 2366 897 2414 x1x.
910 2368 970 2416 m.

62 2505 212 2606 Gratiam
236 2559 266 2605 et
288 2565 403 2621 pacem.
444 2547 535 2603 Redit
561 2547 596 2602 ad
620 2565 694 2617 vos,
721 2549 762 2603 mi
787 2548 904 2618 Herse,
927 2566 1018 2621 quem
1044 2546 1118 2606 mihi

60 2641 307 2707 commendares,
331 2641 408 2694 lator
424 2639 642 2711 praesentium,
666 2639 714 2693 vir
730 2640 902 2694 testimonio
926 2649 980 2696 tuo
997 2641 1119 2711 dignus,

60 2740 92 2786 et
110 2731 234 2786 omnino
251 2729 529 2784 nostrot'Christus
547 2729 642 2797 faciat,
659 2746 697 2782 ne
717 2730 824 2785 frustra
842 2729 892 2784 hic
909 2731 1008 2786 fuerit.
1042 2731 1119 2789 Foe.

61 2823 134 2875 dera
159 2820 318 2893 impiorum
334 2819 508 2891 Principum
532 2830 682 2872 eteorum
705 2821 932 2888 excusationes,
955 2822 1118 2891 sedglacie

62 2909 250 2978 frigidiores,
272 2909 418 2963 audivisse
441 2919 579 2980 reputo,
606 2908 713 2978 quibus
732 2926 820 2963 uerno
837 2910 893 2964 nisi
912 2910 1029 2966 illorum
1052 2926 1119 2983 pars
1193 2961 1194 2965 ,

62 2999 174 3054 credit:
191 3000 316 3081 denique
335 2998 431 3053 Ducis
450 2996 573 3064 Georgii
592 2996 742 3053 Proceres
762 2999 845 3068 plane
865 3001 1007 3068 fatentur,
1025 3002 1117 3057 luisse

61 3087 173 3144 foedus
189 3088 249 3144 hoc
266 3106 326 3144 non
345 3089 466 3142 omnino
485 3086 681 3154 chimaeram,
705 3089 756 3142 scd
777 3089 874 3143 literas
899 3101 926 3142 et
948 3092 1120 3160 exemplum

60 3197 135 3252 prae
152 3178 286 3234 manibus
303 3177 424 3245 haberi,
450 3178 531 3248 qnod
549 3191 628 3230 nunc
646 3177 757 3231 vellent
779 3178 854 3232 salso
871 3176 1048 3250 Principum
1066 3198 1119 3234 no.

60 3270 143 3324 mine
161 3280 191 3321 et
208 3268 303 3336 sigillo
321 3266 423 3320 fictum
441 3265 547 3332 videri,
567 3274 596 3318 et
613 3263 653 3317 ob
671 3263 748 3318 hanc
767 3281 885 3319 carneam
904 3266 945 3320 D.
965 3267 1120 3324 Othonem

60 3359 144 3413 Pack
169 3368 289 3429 captum
312 3364 424 3427 putant.
459 3355 516 3407 Sed
541 3353 682 3424 quoniam
709 3355 732 3407 is
750 3355 935 3408 consiliarius
955 3356 1078 3424 Georgii
1104 3376 1119 3412 n

62 3445 249 3515 Laudgravio
274 3458 392 3516 captus,
419 3444 485 3510 fuga
506 3441 578 3494 mihi
604 3441 703 3511 potius
730 3453 756 3494 et
779 3443 941 3497 voluntaria
966 3447 1119 3516 captivitas
1200 3497 1203 3502 .

63 3538 199 3604 videtur,
225 3551 284 3607 qua
308 3547 433 3588 securus
459 3533 497 3586 sit
523 3548 538 3583 a
561 3531 714 3601 tyrannide
738 3532 781 3584 sui
801 3531 973 3588 Phalaridis.
1008 3536 1120 3592 l'erum

63 3627 151 3681 latius
175 3641 208 3680 se
234 3625 333 3679 statim
356 3622 482 3695 prodent
505 3621 558 3673 ista
576 3619 734 3691 mysteria,
759 3620 831 3674 mihi
855 3621 920 3676 talia
945 3623 1011 3694 fingi
1030 3644 1119 3697 posse

68 3716 104 3770 ab
121 3713 295 3769 hominibus
311 3728 374 3766 non
390 3711 506 3765 viderur
523 3708 677 3780 possibile.
711 3708 831 3763 Deinde
849 3721 964 3765 certum
983 3725 1042 3783 est,
1068 3733 1120 3772 eos

65 3806 163 3859 animo
189 3812 291 3875 parato
316 3801 373 3856 tale
398 3799 468 3872 quid
492 3798 590 3851 adhuc
613 3797 703 3851 hodie
727 3797 854 3852 libenter
876 3801 1009 3857 facturos
1035 3821 1118 3875 esse,

65 3910 134 3947 cnm
151 3892 299 3946 hactenus
317 3889 422 3956 editis,
444 3903 533 3941 manu
561 3896 588 3939 et
614 3887 696 3939 omni
714 3886 784 3939 dolo
811 3897 839 3940 et
856 3889 885 3941 vi
910 3889 980 3944 illud
999 3893 1120 3951 demon.

67 3974 203 4050 strarint,
228 3990 342 4036 utnon
364 3978 480 4051 possint
503 3973 652 4031 excusari,
687 3974 744 4029 Sed
766 3973 841 4029 haec
864 3989 894 4031 tu
912 3981 1017 4037 melius
1043 3985 1118 4041 forte
