2558 4726
590 330 680 406 1527.
1100 339 1160 402 21³

105 491 258 562 usigitur
283 504 388 548 cesses
412 508 497 548 orare
521 510 577 565 pro
600 493 689 550 nobis
712 493 889 551 Dominum.
929 493 981 551 Dc
999 482 1177 566 ,pestilitste'

102 592 209 641 austra
231 580 295 637 hoc
321 583 441 654 accipe,
467 583 497 638 in
521 585 660 657 hospitali
681 603 741 641 non
763 587 864 657 plures
884 601 972 656 quam
989 584 1159 663 qulndecim
1186 573 1189 577 ⁸

102 667 167 727 boa
191 681 257 728 toto
273 671 441 743 pestilitatis
466 682 602 746 tempore
619 674 678 729 vita
695 673 868 742 defunctos,
893 689 962 728 cum
985 673 1021 729 sd
1038 683 1159 729 centum
1222 739 1228 750 Ι

104 762 231 818 omnino
258 778 296 818 eo
314 762 430 816 deducti
456 762 525 818 siat.
557 764 678 819 Deinde
703 779 745 819 ex
761 763 946 836 qtradragints
969 762 1161 831 hominibus,

102 866 187 925 quos
204 851 352 921 Magister
367 850 523 914 Bohemus
541 851 597 908 sub
614 869 699 920 suam
716 854 895 909 curationem
912 853 1044 925 accepit,
1061 853 1163 918 solunt

104 956 166 998 sex
182 941 315 996 defuncti
332 952 409 997 sunt.
443 942 486 997 Ita
513 942 542 996 iu
557 942 654 997 medis
671 943 758 998 etiam
774 951 871 998 morte
887 942 964 1015 apud
979 957 1036 998 nos
1053 942 1164 996 Domi.

102 1047 165 1089 nus
182 1031 323 1086 liberator
339 1040 368 1085 et
385 1031 476 1086 salus.
508 1029 577 1087 Nos
603 1032 718 1101 integro
735 1030 832 1087 aniano
856 1041 886 1087 et
899 1032 1021 1086 adfectu
1042 1047 1161 1086 oramus

102 1119 214 1176 naum
239 1130 269 1174 et
284 1120 407 1177 Patrem
430 1120 717 1192 misericordiarum,
743 1129 776 1176 ut
798 1122 911 1175 auferat
934 1137 950 1176 a
973 1120 1058 1175 nobis
1081 1121 1160 1176 hanc

103 1210 315 1282 pestilitatem,
341 1219 465 1281 propter
486 1209 608 1280 gloriam
631 1210 759 1266 nominis
783 1211 847 1279 sui,
872 1228 910 1266 ne
934 1210 1042 1267 inimici
1065 1211 1162 1268 nostri

107 1301 257 1356 laetentur
273 1301 309 1354 de
326 1300 424 1354 nobis.
459 1299 568 1372 Neque
593 1309 625 1355 tu
643 1316 727 1356 cessa
749 1317 850 1367 oraro,
870 1302 999 1356 maxime
1017 1317 1087 1357 cum
1102 1301 1162 1359 hos

105 1388 214 1444 videas
237 1389 379 1444 orationis
403 1390 536 1455 fructus,
559 1405 600 1444 ex
620 1399 701 1445 tanto
723 1389 936 1459 aegrotantium
952 1407 1079 1446 numero
1100 1401 1161 1446 tam

105 1494 225 1551 paucos
249 1480 356 1550 perire.
389 1479 473 1535 Bene
498 1478 574 1534 vale.
608 1478 751 1534 Salutsbis
775 1490 860 1535 tuum
879 1480 1030 1536 Dictative
1058 1481 1161 1538 multis

103 1569 218 1634 basiis,
241 1569 307 1624 vice
329 1584 396 1622 mea
423 1578 453 1624 et
468 1567 640 1624 Iohannelli
656 1569 735 1639 mei,
758 1569 808 1643 qui
833 1569 922 1625 hodIe
948 1570 1049 1626 didicit
1074 1571 1160 1627 llexis

105 1657 273 1733 poplitibus
290 1658 375 1713 solus
394 1657 423 1712 in
441 1673 560 1713 omnam
578 1657 715 1726 angulum
732 1676 856 1726 cacare,
881 1659 942 1715 imo
959 1661 1072 1715 cacavit
1091 1677 1161 1717 vere

105 1750 138 1804 in
156 1763 277 1802 omnam
294 1747 431 1816 angulum
443 1749 519 1801 mito
536 1746 667 1817 negotio.
702 1748 821 1819 Alioqui
835 1749 918 1819 plura
934 1747 970 1802 sd
986 1761 1016 1804 te
1028 1752 1164 1805 mandam

106 1849 172 1907 set,
192 1838 217 1894 si
234 1838 329 1894 otium
346 1838 385 1894 illi
398 1839 520 1906 luisset,
536 1853 611 1893 mox
628 1838 706 1893 enim
717 1836 871 1905 balneatus
884 1839 1043 1895 dormitum
1060 1840 1160 1896 abivit.

105 1927 215 1984 Mirari
228 1927 363 1996 desines,
381 1928 461 1999 quod
473 1927 510 1982 de
523 1927 654 1982 cacando
672 1927 772 1983 scribo
780 1968 791 1998 ‚
808 1928 877 1984 alias
890 1924 926 1984 de
942 1929 1006 1983 aliis
1019 1929 1160 1997 scribam.

108 2018 221 2073 Salutat
238 2030 265 2072 te
282 2034 349 2072 mea
365 2017 477 2086 Ketha,
501 2029 531 2074 et
551 2033 636 2073 orare
659 2034 714 2089 pro
731 2033 767 2074 ac
789 2027 874 2088 rogat
889 2035 1032 2090 puerpera
1052 2036 1161 2091 prope.

109 2107 191 2162 diem
209 2108 326 2175 sutura,
353 2105 491 2163 Christus
508 2105 590 2161 assit.
624 2107 724 2183 Iluam
740 2115 770 2161 ta
788 2107 879 2162 latere
894 2109 985 2176 nolo,
1010 2117 1044 2164 ut
1056 2110 1159 2166 videas

108 2198 260 2253 orationes
285 2214 346 2254 non
372 2212 438 2251 esse
456 2211 575 2251 vacuas.
610 2193 763 2251 Bohemua
787 2212 826 2250 sx
842 2196 967 2252 XLVIII
984 2197 1162 2270 patientibus·

108 2296 181 2345 octo
199 2286 316 2354 amisit,
332 2286 361 2342 in
376 2285 516 2357 hospitali
532 2301 605 2340 varo
621 2293 734 2340 mutum
747 2285 801 2341 XV
818 2286 920 2341 lunera
938 2287 1057 2343 luerunt
1066 2327 1076 2357 ‚
1093 2299 1158 2344 toto

107 2378 373 2450 pestis-tempore,
396 2391 467 2430 cum
482 2375 559 2429 ultra
574 2375 695 2432 ‘centum
719 2374 788 2429 illati
805 2384 836 2430 et
851 2376 977 2444 ingressi
992 2377 1052 2432 illic
1067 2378 1159 2435 decu.

105 2466 242 2534 buerius,
258 2475 290 2520 ut
305 2463 406 2520 videas
422 2462 573 2518 Christum
589 2463 689 2518 audire
707 2474 835 2520 orantes.
868 2463 949 2520 Haec
965 2474 1025 2523 rata
1041 2478 1111 2523 aunt
1128 2480 1160 2525 ct

106 2572 191 2612 vera.
222 2555 298 2611 doh.
319 2554 435 2621 Weber
455 2553 519 2623 jam
546 2553 576 2609 in
604 2553 739 2624 quintum
762 2554 841 2614 diem
867 2548 961 2621 ἄλογος
984 2556 1157 2628 desperatus
1246 2585 1248 2589 ν

104 2656 171 2715 est,
191 2645 244 2700 sed
255 2645 416 2701 Dorothea
432 2643 515 2713 ejus,
532 2658 607 2713 quae
618 2642 705 2696 sImul
723 2641 860 2698 decubuit
871 2645 985 2700 minore
1002 2664 1055 2718 spe
1067 2648 1154 2716 vitae,

104 2735 210 2806 incipit
225 2737 328 2788 vivere
352 2743 382 2788 et
399 2735 485 2788 vivet.
519 2730 615 2784 Saluta
631 2730 758 2787 Ketbam
780 2741 861 2787 tuam
886 2744 915 2788 et
937 2750 1049 2789 omnes.
1084 2737 1154 2791 Sab.

101 2823 200 2881 batho
221 2831 290 2895 post
307 2822 424 2889 Lucae,
441 2819 634 2878 MDXXVII.

784 2909 935 2967 Martinus
952 2912 1114 2970 Lutherus.

133 3252 179 3308 ua.
198 3245 356 3338 ostatis.
832 3247 885 3305 ΝΟ.
903 3248 1118 3307 Dcoecvul.

441 3397 490 3466 litt
511 3393 619 3472 nlid.
641 3395 809 3475 &tititi

411 3557 482 3603 ualet
499 3557 522 3604 t.
541 3554 634 3605 saltos
648 3553 846 3606 altitonantis.

565 3693 705 3707 μ

152 3789 205 3841 naa
218 3787 380 3836 austriaca
393 3787 422 3833 ιι.
435 3789 480 3838 sat.
494 3787 516 3834 a.
541 3787 641 3841 oratus
653 3790 694 3839 att
707 3778 800 3839 nacta
819 3787 881 3836 xxi.
895 3791 950 3838 lats
976 3786 1037 3842 etat
1049 3791 1148 3843 tenitas

98 3865 262 3920 nabttitsuttfl
280 3863 317 3909 bei
335 3862 417 3912 blattis
434 3862 470 3909 m
488 3863 530 3912 aui
545 3861 661 3907 nomime
680 3864 734 3906 luae
751 3862 838 3917 gratias
856 3862 905 3918 agit
923 3862 992 3916 iubet
1011 3863 1050 3914 td
1068 3866 1093 3912 lta
1111 3866 1149 3912 bat

96 3936 202 3995 mlada
215 3936 253 3981 aas
267 3935 360 3983 etiams
374 3935 420 3979 aab
434 3935 550 3982 &restent
564 3935 673 3986 tltntttt
686 3935 779 3984 sollers
797 3935 856 3986 nelli
873 3937 921 3981 tem
936 3937 1016 3986 britte
1030 3948 1059 3984 ta
1074 3940 1147 3989 sitim

95 4007 329 4059 Nencchxxv.
343 4009 389 4055 aas
403 4007 428 4055 la
441 4010 481 4053 oea
491 4007 612 4062 stultam
620 4016 641 4054 a.
649 4016 671 4054 a.
680 4010 721 4078 bn
735 4007 807 4063 laton
817 4008 877 4059 slot
886 4009 911 4056 ta
920 4010 958 4059 lat
967 4011 1147 4067 solatiantem.
1179 4022 1184 4032 “
