2558 4726
561 314 653 383 152&
1072 305 1140 376 307-

73 436 292 540 ιίεροηάετεω
309 471 345 526 ad
356 471 490 542 priores,
507 472 589 542 quod
601 480 680 526 certe
692 487 754 526 non
771 469 934 543 sperabam.
969 469 1050 525 Nam
1067 478 1133 525 anta

75 561 185 615 oculos
204 577 382 632 posueram,
408 571 440 615 ut
465 563 561 632 primo
588 578 710 632 quoque
732 561 836 615 nuntio
862 572 1042 614 occurrente
1059 572 1134 613 mox

75 652 304 722 responderem.
337 651 388 705 Dc
404 649 526 704 Dttrero
542 665 614 704 saue
632 652 712 720 pium
738 663 783 704 est
805 651 920 722 optimo
940 652 1004 703 viro
1022 649 1136 702 condo.

75 744 158 799 lere:
180 753 265 798 tuum
281 758 354 796 vero
381 752 427 798 eat
443 743 600 811 gratulari,
623 754 656 796 ut
674 759 764 813 quem
782 742 920 796 Christus
943 752 1003 796 tam
1029 742 1137 796 instru.

75 847 163 888 ctum
180 845 208 887 et
224 833 310 886 beno
328 831 385 887 fine
402 832 468 887 tulit
491 849 530 886 ex
548 831 595 887 his
613 833 798 904 temporibus
820 831 1080 885 turbulentissimis
1105 839 1137 885 et

77 926 160 979 forte
186 923 283 977 adhuc
308 922 573 976 turbulentioiibus
597 917 786 986 futuris‚'ne
808 921 857 991 qui
876 923 979 987 dignus
1003 921 1058 975 fuit
1076 937 1137 976 non
1193 984 1199 998 ,

76 1015 137 1070 nisi
163 1014 273 1085 optima
290 1013 409 1079 videri,
429 1023 588 1081 cogeretur
605 1012 733 1084 pessima
752 1012 866 1068 videre:
893 1012 1029 1082 quiescat
1054 1011 1138 1080 igitur

79 1103 111 1158 in
130 1118 203 1174 pace
221 1118 291 1158 cum
308 1104 370 1157 suis
387 1101 536 1173 patribus,
554 1104 662 1156 Amen.

148 1193 266 1248 Deinde
283 1184 388 1262 gratias
406 1207 459 1260 ago
477 1203 544 1245 tutae
562 1189 714 1260 charitati,
740 1208 829 1262 quam
847 1190 979 1262 utrisque
1003 1190 1139 1262 epistolis

82 1283 211 1354 spirant,
228 1282 289 1336 imo
307 1281 401 1335 efflant
418 1294 448 1336 et
464 1281 565 1337 ardent
582 1280 688 1351 singuli
707 1298 800 1352 paene
818 1283 926 1352 apices,
961 1280 1034 1336 Non
1059 1281 1140 1350 quod

83 1373 192 1440 dignus
209 1372 265 1425 sim
282 1381 360 1424 tanta
377 1370 426 1424 vel
444 1370 528 1427 laude
540 1369 587 1425 vel
606 1369 749 1424 charitate
767 1381 831 1437 tua,
849 1371 902 1423 sed
917 1370 997 1440 quod
1014 1370 1142 1425 libenter

82 1460 182 1531 patior
198 1459 287 1514 inllari
299 1476 347 1513 me
366 1459 515 1514 bonorum
528 1458 661 1512 virorum
679 1459 851 1513 testimonio
871 1472 899 1512 et
916 1461 1019 1513 favore
1037 1460 1142 1514 adver.

81 1565 138 1604 sus
164 1549 299 1603 Satanam
322 1559 352 1602 et
368 1549 521 1602 ministros
544 1549 628 1616 ejus,
655 1549 705 1619 qui
725 1565 771 1601 me
793 1546 910 1601 assidue
933 1549 1057 1619 sineque
1083 1547 1141 1604 fine

81 1648 238 1706 exsugunt
255 1648 285 1691 et
298 1638 491 1706 extinguunt,
509 1647 541 1691 ut
553 1650 582 1691 et
598 1637 663 1707 ipsc
675 1637 792 1707 gloriari
809 1637 942 1708 possim,
959 1654 1006 1691 me
1023 1638 1144 1693 Paulina

82 1728 167 1798 gradi
193 1719 258 1794 via',
284 1726 398 1781 scilicet
420 1743 476 1798 per
497 1728 620 1795 gloriam
645 1739 675 1781 et
700 1727 929 1795 ignobilitatem,
955 1744 1009 1798 per
1032 1719 1151 1784 bonam

82 1820 195 1872 lamam
211 1827 241 1871 et
254 1816 358 1870 malam
375 1817 497 1872 lamam:
517 1827 546 1869 et
564 1816 621 1870 sim
635 1815 732 1871 bonus
749 1817 827 1871 odor
838 1817 966 1884 Christi,
986 1817 1048 1871 aliis
1066 1817 1145 1872 odor

81 1908 192 1964 mortis
209 1907 245 1961 ad
262 1917 407 1972 mortem,
424 1907 486 1960 aliia
504 1906 581 1961 odor
597 1907 674 1960 vitae
692 1907 727 1959 ad
745 1906 844 1965 vitam.
877 1905 1059 1961 Benedictus
1075 1907 1144 1962 Do.

82 1999 184 2052 minua
201 2011 287 2051 meus
304 1997 398 2050 Jesus
416 1995 575 2064 Christus,
601 1995 651 2067 qui
676 1996 765 2048 talem
790 2011 858 2050 esse
876 2011 924 2049 me
948 1995 1059 2063 voluit,
1082 2012 1146 2053 non

83 2097 118 2143 ut
136 2104 193 2154 ego
210 2087 398 2158 superbiam,
415 2087 469 2141 sed
482 2097 515 2140 ut
526 2086 638 2140 multos
651 2101 763 2156 perme
777 2097 910 2140 servaret
925 2085 962 2138 ab
979 2085 1042 2147 istis
1055 2085 1146 2156 pesti.

88 2175 219 2232 lentibus
238 2175 400 2246 spiritibus.
434 2174 501 2229 Hoc
513 2189 614 2228 mcum
626 2187 747 2241 votum,
764 2173 844 2248 quod
863 2174 892 2227 in
905 2171 996 2227 horas
1011 2174 1145 2244 suspiro,

83 2283 155 2321 cum
173 2264 291 2320 videam
309 2263 444 2337 impleri,
461 2264 581 2328 beatium
598 2255 646 2317 me
665 2256 822 2331 existimo,
847 2273 876 2317 et
893 2262 1008 2317 abunde
1026 2263 1096 2318 satia
1114 2272 1145 2339 et

84 2358 239 2411 fructuum
257 2366 287 2410 et
303 2354 448 2410 mercedis
466 2355 620 2426 accepisse
639 2351 767 2422 laboris,
786 2363 819 2407 ut
837 2354 886 2426 qui
904 2353 997 2408 sciam
1014 2370 1063 2409 me
1080 2352 1145 2409 aliis

83 2445 188 2499 vivere
213 2455 242 2499 et
264 2444 391 2498 servire.
426 2442 570 2499 Gratulor
594 2443 692 2514 itaque
718 2459 779 2496 non
804 2442 862 2496 tuis
886 2442 1037 2510 laudibus,
1067 2458 1142 2514 quas

83 2536 269 2590 exuberante
287 2537 335 2602 (ut
349 2534 409 2588 lieri
422 2531 515 2598 solet)
533 2534 634 2588 lavore
654 2532 797 2600 effundis,
816 2532 868 2587 sed
881 2533 1011 2598 veritati,
1029 2533 1076 2586 cui
1089 2549 1144 2604 per

81 2623 161 2677 hauc
181 2621 400 2692 simplicitatem
417 2618 498 2673 nimii
517 2621 635 2674 allectus
655 2633 683 2674 et
702 2621 840 2685 caindoris
858 2623 1058 2676 testimouium
1077 2639 1143 2692 per.

82 2713 187 2778 bibes,
214 2723 244 2764 et
260 2711 478 2780 simplicissime
496 2709 649 2763 Christum
669 2709 831 2764 confiteris.
868 2709 947 2784 Quid
974 2712 1052 2766 enim
1077 2712 1142 2787 dul,

83 2803 149 2857 cius
167 2801 267 2854 audire
279 2800 412 2871 possim,
431 2816 520 2869 quam
539 2810 567 2852 te
585 2811 613 2852 et
632 2800 676 2857 tui
691 2799 801 2854 similes
819 2800 961 2855 adversus
975 2801 1141 2858 Diabolum

84 2893 186 2951 salvos
208 2901 288 2947 stare
314 2891 342 2944 in
369 2891 463 2944 solida
487 2890 660 2957 sinceraque
685 2889 793 2943 Christi
821 2891 1012 2959 cognitione?
1046 2907 1140 2962 quum

84 2980 204 3034 iuterim
227 2990 271 3035 tot
295 2989 395 3045 ruant,
427 2996 504 3048 quos
524 2979 676 3032 columnas
702 2980 767 3033 fore
785 2992 902 3034 nostras
925 2981 1117 3051 sperabamus
1126 3021 1138 3048 ,

83 3087 165 3124 nuttc
183 3081 280 3140 autem
297 3070 344 3122 vel
363 3070 465 3122 'l'ttrca
482 3071 609 3138 patimur
626 3069 799 3122 infensiores
817 3069 930 3123 hostes.
967 3071 1031 3123 Oro
1052 3072 1139 3139 igitur

81 3159 252 3216 Dominum
268 3157 394 3225 desum,
420 3169 452 3211 ut
469 3170 498 3210 te
517 3158 578 3211 suis
596 3158 855 3212 benedictionibus
881 3159 917 3211 ita
936 3172 1079 3225 coronet,
1105 3170 1139 3215 ut

82 3253 239 3324 perfectus
258 3261 287 3303 et
310 3249 578 3321 irreprehensibilis
596 3249 754 3303 uobiscum
771 3249 956 3320 perseveris,
981 3266 1079 3321 usquc
1102 3251 1138 3305 ad

81 3342 194 3412 gloriae
212 3357 283 3394 suae
300 3340 466 3393 adveutum.

146 3432 305 3488 Novarum
323 3429 372 3483 hic
392 3444 491 3482 rerum
509 3427 654 3492 estnihil,
673 3425 752 3497 quod
771 3426 805 3478 ad
823 3436 953 3480 vestrum
972 3428 1139 3499 emporium

83 3523 252 3586 munemne,
270 3537 337 3572 cum
349 3519 537 3590 Norinberga
549 3518 588 3571 sit
606 3520 669 3569 lere
686 3519 791 3570 oculus
810 3532 840 3568 et
858 3517 935 3569 auris
948 3515 1138 3589 Gcrntaniae,

83 3628 158 3683 quae
177 3609 257 3663 videt
270 3621 304 3665 et
322 3609 397 3660 audit
414 3607 523 3672 cannia,
541 3621 617 3675 quac
636 3605 762 3657 fortasse
781 3619 930 3674 nunquam
948 3604 981 3656 ad
1000 3623 1054 3658 nos
1074 3622 1140 3676 per.¹

83 3702 217 3755 veniunt.
253 3699 348 3752 Saluta
367 3713 487 3751 cervam
505 3708 584 3748 tuam
602 3693 821 3761 charissimam,
839 3692 910 3748 ‘utrm
929 3693 1058 3748 hinnulis
1077 3697 1139 3765 suis¹

82 3789 280 3847 charissimis·
315 3777 489 3842 Benedictio
506 3785 630 3838 Domini
642 3801 741 3863 'super
758 3799 824 3837 vos.
860 3783 1067 3840 Benedicintus
1084 3802 1141 3850 νο.Ι

82 3879 178 3936 bisin
196 3878 316 3934 nomine
337 3876 477 3949 Domini,
496 3879 602 3929 Amen.
638 3874 848 3942 Witrnhergae
866 3873 1072 3932 at'tixxvtss.

831 3964 922 4018 Mart.
942 3963 1103 4025 Luthcrus.
