2558 4726
589 317 680 387 ists.
1100 315 1160 388 327

73 502 79 509 -
109 475 236 539 ,auster
249 474 679 542 warattorttsdeasanaaaao
693 475 1138 538 inmittentatletedllaenat.
1252 432 1257 439 ι

141 602 330 661 Venerabili
336 603 465 685 fratri,
482 606 646 680 Stephano
664 606 793 677 Zwels,
814 608 938 680 captivo
956 606 1128 665 christiin

427 696 540 752 Gelria
549 697 646 766 fideli
661 706 692 752 et
707 698 842 755 sincera.

107 797 165 888 G·
192 853 222 898 et
237 841 274 898 P.
293 842 322 898 in
340 841 462 898 Christo
484 844 561 899 Jesu
573 885 582 913 ,
605 845 752 900 salvatore
777 853 808 900 et
832 845 1023 900 consolatore
1047 852 1163 900 nostro.

107 932 175 987 Vidi
201 932 414 1001 thenasmus,
441 933 616 988 charissime
641 934 733 988 irater
749 932 914 1006 Stephane,
941 950 1015 1004 quae
1041 932 1077 986 ab
1101 933 1165 988 istis

106 1021 212 1093 porcis
229 1021 459 1077 coloniensibus
477 1022 563 1076 foede
580 1033 649 1078 sunt
666 1023 861 1090 conculcata,
882 1022 1092 1091 indignissimis
1110 1021 1168 1076 sci.

107 1111 198 1177 lieet,
222 1111 272 1184 qui
289 1112 364 1165 tales
381 1110 549 1181 margaritas
567 1111 717 1168 viderent:
744 1122 773 1167 et
790 1113 924 1182 matulae
944 1112 1015 1181 tibi,
1044 1111 1167 1167 Christo

108 1203 243 1269 favente,
260 1201 304 1256 sic
323 1217 391 1256 esse
408 1211 437 1256 te
455 1201 646 1269 illustratum,
666 1203 782 1258 attalia
798 1218 1000 1272 cognosceres
1018 1210 1046 1256 et
1062 1200 1170 1271 proba.

110 1307 162 1345 res
172 1330 181 1359 ,
193 1291 302 1363 'deinde
322 1299 380 1344 tam
398 1291 517 1360 dignum
535 1291 663 1357 iactum,
685 1300 719 1345 ut
736 1292 790 1364 pro
808 1291 914 1346 talibus
931 1291 1076 1346 doctrinis
1093 1307 1168 1345 con.

111 1380 247 1435 tumelias
265 1379 320 1434 has
337 1390 366 1434 et
380 1396 519 1434 carceres
536 1390 633 1434 tantos
651 1379 753 1435 ieras.⁴
771 1381 945 1435 Recordare
964 1381 1060 1452 itaque
1079 1380 1167 1449 illius,

111 1470 162 1542 qai
180 1470 267 1525 dixit:
285 1468 395 1538 Beati,
412 1487 484 1524 eum
500 1469 731 1525 maledixerint
746 1468 831 1525 vobis
846 1469 1006 1539 homines,
1025 1477 1055 1524 et
1072 1472 1168 1540 ejece.

84 1566 87 1572 '
110 1561 181 1615 rint
197 1576 310 1614 nomen
334 1565 491 1634 tanquam
507 1558 646 1628 malim,
667 1566 805 1633 propter·
812 1560 924 1628 filiam
946 1560 1085 1615 bominis
1108 1567 1166 1617 etc.

106 1651 192 1706 Haeo
216 1649 349 1704 breviter
372 1661 402 1704 et
425 1658 590 1719 occupatus
615 1649 733 1718 scribo,
768 1649 809 1703 mi
836 1651 946 1718 frater,
982 1652 1167 1720 compatiens

110 1741 232 1812 quidem
250 1739 308 1794 tuis
325 1739 532 1810 passionibus,
557 1739 611 1794 sed
627 1739 750 1794 mirifice
767 1740 898 1809 gaudens
915 1752 976 1795 tam
993 1753 1111 1796 sanctae
1137 1751 1168 1796 et

106 1833 209 1903 justae
227 1847 336 1886 causae
352 1842 430 1885 tuae.
465 1828 493 1885 0
512 1830 599 1885 fortis
616 1839 700 1899 esto,
718 1847 775 1885 nec
792 1831 913 1886 deseras
924 1831 1003 1886 hano
1018 1832 1169 1888 confideri.

111 1924 202 1990 tiam,
228 1931 387 1976 cointemne
411 1916 545 1974 Satanam
571 1920 729 1974 furentem.
772 1920 908 1976 Christus
937 1921 1029 1976 aderit
1061 1922 1169 1980 fortior

109 2013 140 2067 io
159 2022 205 2080 te,
231 2026 319 2082 quam
337 2009 422 2064 Satan
443 2009 471 2064 in
497 2008 566 2077 illis,
599 2007 639 2062 Et
662 2024 719 2062 nos
744 2007 895 2064 orabimus
912 2009 1032 2065 Patrem
1053 2012 1169 2066 miseri.

109 2102 297 2168 cordiarum,
313 2085 371 2167 nt,
396 2098 445 2170 qai
463 2097 542 2152 dedit
559 2095 610 2151 tibi
627 2112 682 2168 pro
700 2095 760 2151 lilio
779 2112 836 2151 suo
854 2097 963 2153 dilecto
979 2102 1057 2169 pati,
1081 2099 1170 2155 iaciat

109 2203 140 2247 et
157 2191 256 2262 ipsum
269 2206 324 2262 per
340 2199 368 2243 te
386 2187 569 2262 triumphare
576 2225 589 2263 t
603 2193 723 2254 Amen,
743 2189 847 2242 Amen.
881 2189 964 2243 Alias
984 2190 1061 2245 forte
1074 2190 1166 2259 plura.

108 2278 210 2337 Modo
226 2280 292 2334 vale
310 2277 339 2332 in
356 2276 495 2345 Christo,
521 2276 575 2347 qui
589 2275 628 2330 sit
644 2284 761 2341 tecum,
780 2276 855 2331 ferat
873 2284 992 2346 tecum,
1011 2279 1107 2333 vineat
1124 2290 1169 2334 te.

110 2384 198 2436 cnm,
216 2376 319 2435 regnet
336 2378 434 2422 tecum
443 2403 453 2432 ,
470 2378 499 2420 et
516 2379 573 2419 nos
591 2379 697 2419 ornnes
715 2364 839 2434 imagine
857 2367 959 2421 eadem
975 2367 1085 2422 similes
1102 2368 1167 2424 red.

111 2448 170 2514 dat.
203 2457 432 2527 Witenbergae,
450 2453 521 2509 seria
537 2456 564 2508 3.
581 2461 649 2526 post
663 2443 805 2521 'Exaudi‚
823 2454 1033 2514 Mtsxxvm.

771 2559 810 2616 Τ.
828 2559 952 2617 Martio.
968 2563 1132 2621 Latherus.

144 2899 186 2955 ii.
204 2895 294 2962 iliad.
835 2892 888 2949 ΝΟ.
905 2894 1130 2952 DCCCCXCV.

295 3043 345 3110 tta
366 3030 489 3123 baali
512 3039 696 3122 thessalias
719 3042 779 3113 itit
800 3043 832 3112 ln
855 3043 980 3122 &aare

143 3205 168 3253 t.
183 3205 261 3250 namt
274 3202 304 3256 a.
317 3208 359 3248 ser
371 3201 410 3247 ter
423 3201 491 3252 telier
503 3200 542 3247 ter
554 3195 757 3250 &caementarii
770 3207 797 3251 ta
810 3199 903 3250 selda
916 3209 940 3247 er
953 3198 993 3251 aa
1007 3199 1132 3259 ninneton.

565 3321 706 3336 —.

134 3416 189 3468 aas
202 3421 240 3466 rer
252 3418 524 3469 werneaartlsden
537 3418 684 3470 &ariniara
695 3427 720 3468 ta
731 3417 878 3472 miserans
891 3417 931 3470 ita
945 3416 1055 3475 &tilae
1068 3416 1097 3463 11.
1105 3419 1137 3466 89.

111 3549 300 3606 Venerabili
316 3551 350 3605 in
363 3549 490 3604 Christo
509 3549 603 3618 Viro,
621 3550 664 3604 D.
676 3547 792 3615 Panlo,
808 3549 883 3603 oiim
896 3546 1015 3604 Abbati
1027 3548 1165 3622 anensi

178 3641 321 3713 captivo,
339 3657 425 3695 nanc
443 3638 564 3695 Christi
579 3637 710 3706 liberto,
734 3639 797 3692 imo
814 3636 913 3694 libero
931 3647 961 3694 et
978 3656 1067 3699 servo
1076 3639 1165 3707 fide.-

177 3731 311 3786 lissima.

112 3850 167 3939 G·
188 3904 217 3948 et
235 3894 271 3949 P.
289 3894 317 3947 in
336 3893 456 3948 Christo
473 3892 562 3946 Jesu.
596 3890 714 3945 Dolens
739 3891 875 3962 percepi,
901 3890 954 3946 Vir
972 3890 1165 3959 venerabilis,

113 3997 143 4039 te
162 4001 283 4058 quoque
301 3984 456 4055 periclitari
475 3982 774 4038 sacramentariorum
793 3999 913 4051 errore,
939 3983 993 4039 sed
1010 3983 1166 4042 Christum
