2558 4726
592 324 681 394 1527.
1000 378 1008 401 ,
1055 381 1060 394 .
1099 329 1157 397 191

100 479 137 534 in
154 479 312 546 Domino,
328 479 386 536 mei
401 497 535 551 memor,
551 483 595 539 uti
611 485 703 554 sacis,
719 484 945 555 ll'itenbergam
963 481 1155 541 Muxxvn.

98 570 183 627 feria
199 574 225 623 2.
242 580 313 640 post
329 569 489 625 Laurentii.

791 625 941 695 Maniuus
960 637 1122 722 Lutherua.
1148 601 1152 608 .

174 771 353 843 Academiae
369 783 488 829 nostrae
504 774 642 830 homines
654 776 718 858 jam
740 776 769 832 iu
790 765 888 847 Jeua,
914 775 1000 833 vobit
1022 777 1154 848 vicinos,

98 863 162 919 tibi
180 874 209 918 et
225 864 334 919 nostris
351 863 489 919 omnibus
506 865 698 923 commendo.
792 936 794 941 Α

142 1231 190 1290 19.
205 1225 334 1299 liutul.
773 1231 828 1289 N0.
845 1230 1124 1289 DCCCLXXXIX.

489 1384 538 1453 tt
559 1383 775 1464 &tolutim

318 1541 375 1592 alon
386 1543 424 1590 ltt
437 1540 568 1595 uitium
580 1546 627 1592 tuit
640 1545 677 1592 lta
689 1543 741 1600 peti
753 1543 780 1591 tn
792 1543 949 1599 mittentem.

104 1785 106 1788 ·
134 1775 189 1826 atet
202 1772 467 1827 nortmannus.
480 1777 504 1858 n²
528 1778 586 1833 uu.
600 1744 658 1824 ina.
671 1779 725 1825 ten.
740 1789 761 1825 a
775 1778 792 1824 r.
805 1779 850 1826 2t3.
875 1775 974 1828 cautu
988 1776 1028 1830 tn
1041 1777 1134 1827 matu
1224 1744 1230 1759 ⁸

108 1867 112 1876 ·
569 1851 702 1900 xxttuo.

109 1972 260 2075 Gratiam
277 2029 307 2076 et
321 2037 439 2094 paoem.
469 2018 650 2081 Restitutum
668 2031 697 2078 te
715 2038 782 2079 ease
797 2023 927 2094 gaudeo,
944 2029 974 2077 et
985 2021 1091 2092 gratias
1103 2035 1159 2091 ago

113 2109 236 2166 Christo
256 2111 393 2178 Domino
414 2123 530 2168 nostro.
564 2113 642 2180 Ota,
668 2127 798 2183 quaeso,
822 2129 878 2184 pro
901 2128 968 2180 me,
992 2122 1025 2166 ut
1049 2123 1079 2166 et
1102 2126 1159 2181 epo

111 2198 199 2270 plane
216 2200 415 2268 revalescam,
437 2201 461 2256 ai
479 2212 524 2257 eat
539 2202 675 2257 voluntas
691 2200 751 2256 Dei
768 2201 936 2256 salvatoris.
970 2200 1020 2256 Ne
1038 2210 1067 2256 te
1084 2217 1160 2272 quot

112 2304 171 2359 que
188 2288 366 2344 conturbent
381 2289 555 2345 visitationis
572 2304 725 2359 rumores,
749 2304 817 2344 nam
840 2289 905 2345 laeti
929 2289 1072 2360 Princeps
1095 2299 1160 2344 acta

111 2377 289 2434 visitationis
314 2379 350 2432 ad
371 2396 420 2433 me
444 2379 538 2446 misit,
564 2391 598 2436 ut
619 2380 751 2434 viderem
777 2390 807 2434 et
829 2378 1013 2449 judicarem,
1038 2379 1159 2449 dignane

113 2477 215 2523 eaoent
229 2468 367 2522 editione.
402 2468 508 2524 Omnia
525 2469 649 2540 pulchra
666 2480 745 2537 sunt,
763 2469 788 2524 ai
799 2470 901 2538 modo,
917 2469 992 2526 aicut
1003 2468 1161 2524 constituta

111 2567 192 2624 aunt,
209 2543 457 2626 adminisirentur,
475 2558 516 2613 uti
533 2557 659 2625 videbis.
693 2559 772 2628 Sine,
788 2569 822 2613 ut
831 2558 989 2633 adversarii
1000 2557 1161 2627 glorientur

113 2648 140 2702 in
153 2648 332 2715 mendaciis,
350 2649 437 2703 sicuti
450 2648 567 2717 solent,
585 2665 653 2703 cum
665 2649 784 2714 veritate
797 2650 942 2721 consolati
958 2665 991 2703 se
1006 2635 1160 2720 nequeant.

177 2762 275 2818 Pestis
293 2738 342 2817 liic
361 2763 458 2834 coepit
474 2764 609 2833 quidem,
627 2764 678 2817 aed
697 2763 765 2818 satis
783 2763 906 2834 propitia
925 2771 984 2817 est:
1004 2764 1055 2818 sed
1069 2763 1160 2818 mirus

116 2863 161 2906 est
176 2852 332 2907 hominum
350 2869 442 2922 pavor
457 2863 487 2907 et
504 2854 588 2921 luga,
612 2863 645 2906 ut
668 2854 726 2925 tale
748 2863 913 2907 monstrum
938 2853 1057 2907 Satanae
1079 2863 1162 2909 antea

115 2958 177 2995 non
188 2941 321 3005 viderim,
337 2943 411 2997 adeo
423 2951 525 3010 terret,
543 2943 603 2996 imo
618 2942 731 3011 gaudet,
750 2956 783 2996 ae
801 2957 890 3011 posse
907 2943 950 2996 sic
966 2943 1058 2996 corda
1074 2959 1161 3013 pave.

114 3034 234 3099 facete,
250 3033 376 3100 scilicet,
393 3043 426 3086 ut
443 3033 588 3104 diapetuat
606 3042 634 3086 et
651 3031 798 3102 disperdat
813 3032 930 3085 unicam
947 3033 1030 3087 istam
1047 3033 1162 3086 Acade.

113 3123 222 3190 mium,
247 3138 335 3194 quum
353 3121 418 3177 odit
441 3139 502 3177 non
527 3123 633 3176 trustra
658 3139 728 3192 prae
754 3121 891 3177 omnibus
918 3122 989 3175 alliu
1022 3123 1161 3176 Attamen

112 3224 179 3268 toto
205 3223 338 3283 tempore
363 3211 454 3283 pestis
480 3213 554 3265 ultra
572 3215 603 3264 18
621 3212 722 3265 funera
747 3226 842 3281 usque
864 3211 892 3264 ln
912 3210 988 3264 hano
1006 3209 1083 3264 dietn
1099 3225 1161 3266 nou

114 3304 253 3365 filerunt,
276 3300 452 3373 computatis
471 3301 521 3363 ile,
546 3316 620 3371 quae
638 3300 712 3353 intra
728 3300 870 3371 oppidum
888 3300 1021 3365 suerunt,
1039 3296 1159 3371 puellis,

114 3391 275 3446 insontibus
285 3430 295 3457 ‚
312 3401 342 3456 et
358 3389 495 3445 omnibus
514 3390 684 3444 numeratis.
712 3387 829 3445 Scilicet
846 3388 875 3442 in
887 3388 1057 3443 suburbano
1069 3389 1169 3460 pisca-¹

114 3493 216 3534 torum
241 3479 368 3534 atrocius
390 3479 510 3544 saeviit,
534 3465 571 3532 ins
585 3477 755 3532 suburbano
776 3487 880 3532 nostro
896 3482 920 3543 1)
936 3478 1049 3532 nullum
1066 3479 1162 3533 adhuc

114 3573 220 3637 tonus,
238 3569 305 3624 licet
322 3568 419 3624 omnia
431 3568 469 3622 ibi
480 3567 668 3639 sepeliantur.
701 3566 797 3620 Hodie
808 3565 926 3621 Tilonis
943 3568 1020 3621 [leni
1034 3584 1163 3624 uxorem

116 3659 326 3730 sepelivimus,
344 3673 418 3730 quae
436 3659 498 3712 lere
517 3657 591 3711 inter
608 3655 726 3709 brachia
735 3672 805 3709 'meo
819 3657 964 3727 expiravit
975 3656 1058 3726 heri,
1075 3671 1164 3731 atque

116 3750 179 3804 hoc
195 3749 324 3821 primum
341 3749 427 3802 funus
450 3747 481 3802 in
503 3748 599 3801 media
621 3745 705 3800 urbe.
721 3772 724 3779 .
739 3745 793 3799 Illa
806 3750 837 3798 18
855 3748 957 3801 funera
980 3747 1096 3803 circutn'
1113 3755 1163 3803 me

165 4001 186 4052 l)
200 3998 217 4044 C
229 3999 324 4045 od.—:
344 3995 450 4044 ottoclut
463 3996 563 4048 saeviit.
578 3995 602 4043 lu
615 3997 749 4044 subditiuo
761 4001 848 4044 nostro
861 4002 907 4044 etc.
