2558 5048
540 696 630 764 tart.
1047 696 1107 762 203

60 859 120 922 tpm
148 850 268 923 perfidia
294 853 404 909 alienos
430 856 521 910 libros
547 857 754 930 corrumpendi
779 861 949 930 propagent.
990 855 1108 911 Deinde

62 940 131 993 dum
143 944 257 1013 optime
270 954 389 999 tuentur
399 946 651 1016 similitudinibus,
669 949 867 1018 conjecturis,
885 946 1107 1002 absurditatibus

61 1042 90 1084 et
107 1034 287 1100 argumentis
307 1051 322 1087 a
339 1035 506 1105 particulari
529 1037 564 1089 ad
587 1039 751 1092 universale
773 1039 905 1092 nituntur
925 1035 1108 1091 vitiocissimi

61 1121 271 1191 disputatores.
302 1124 411 1180 Nullus
426 1143 500 1181 vero
516 1128 663 1196 angtastias
681 1128 926 1183 conscientiarum
939 1137 1109 1181 nostrarum

61 1211 223 1267 clamantes
241 1213 374 1280 dignatur
390 1217 505 1282 audire,
523 1217 572 1269 ubi
589 1216 730 1272 dicimus:
747 1217 830 1273 Clara
847 1227 1003 1288 apertaque
1017 1214 1110 1269 verbe
1148 1263 1150 1269 .

61 1314 128 1353 sunt
142 1301 272 1357 Christi:
296 1303 460 1372 Concedite,
475 1303 535 1359 hoc
552 1312 598 1359 est
614 1322 731 1377 corpur
746 1322 868 1360 metante
883 1304 934 1359 hic
952 1305 1109 1359 conscien.

60 1390 117 1445 tiae
135 1392 418 1462 (inquam)·nostrae
435 1405 537 1465 captae
553 1406 634 1450 sunt.
662 1395 832 1450 Monstrari
845 1395 981 1467 cupimus
993 1395 1108 1462 locum,

60 1482 112 1552 qui
129 1491 217 1551 cogat
232 1495 368 1537 anstrum
386 1500 507 1539 sensum
522 1490 553 1539 in
569 1485 617 1539 his
642 1486 743 1540 verbis
769 1501 836 1539 essa
860 1487 978 1540 falsum:
1004 1494 1032 1537 at
1056 1484 1108 1538 hio

60 1589 153 1626 nerno
168 1572 257 1627 hiscit
274 1573 302 1627 in
319 1584 364 1628 tot
378 1574 461 1628 libris
474 1592 586 1631 eorum.
620 1575 772 1645 Objiciunt
783 1575 887 1644 nobis,
904 1591 1023 1629 curnem
1036 1573 1109 1629 nihil

63 1661 225 1731 prodesse,
242 1676 269 1716 at
285 1663 345 1717 hoc
363 1664 545 1720 sciebamus:
572 1667 741 1736 quaerimus
759 1666 853 1733 aliud,
872 1680 979 1737 nempe
996 1666 1032 1719 de
1050 1666 1107 1720 isio

64 1752 152 1805 loco:
178 1751 248 1806 Hoc
264 1758 442 1825 estoorpus
457 1770 568 1809 mrum.
601 1756 772 1825 Objiciunt,
799 1755 957 1809 absurdum
973 1772 1062 1823 ease,
1080 1762 1108 1808 at

63 1841 123 1894 hoc
140 1859 259 1914 quoque
276 1843 458 1912 sciebamus,
477 1845 529 1897 sed
548 1844 622 1897 aliud
640 1846 816 1915 quaerimus.
852 1843 1005 1913 objiciunt
1022 1846 1107 1907 mira.

64 1933 128 1984 cula
154 1931 293 1999 risibilia,
321 1943 352 1986 et
375 1933 436 1987 hoc
462 1933 644 1989 sciebamus:
671 1936 839 2005 ‹praetimus
864 1935 948 1989 aliud.
983 1937 1106 2005 Semper

62 2022 140 2075 aliud
157 2022 309 2085 occinunt,
327 2025 414 2093 (ittam
432 2024 706 2095 quodquaetimus.
742 2024 920 2098 Quaerimus
934 2029 1031 2096 quae?
1049 2024 1105 2094 ipsi

62 2113 190 2166 reddunt
202 2112 260 2166 ble.
294 2112 493 2168 Nihilominus
504 2115 630 2184 jactant,
648 2131 703 2169 nos
717 2132 775 2168 uon
789 2115 924 2186 prodire,
941 2132 1038 2185 ueque
1052 2130 1105 2168 eoa

61 2205 229 2257 confutare.
265 2203 385 2271 Fateor,
403 2204 426 2256 si
443 2205 552 2260 multos
569 2204 661 2259 libros
680 2205 812 2259 scribere
830 2216 875 2260 est
893 2206 998 2274 dogma
1015 2205 1105 2272 tueri,

62 2285 201 2346 nimirum
219 2292 256 2346 illi
273 2293 454 2364 triumphant
471 2296 556 2348 etiam
575 2311 665 2364 super
681 2306 772 2348 totam
790 2293 978 2365 scripturam.
1012 2294 1108 2348 Siau.

64 2393 122 2436 tem
141 2383 248 2450 dogma
264 2383 338 2435 tueri
356 2370 401 2437 est
416 2386 592 2452 argumentis
611 2384 710 2438 solidis
728 2401 874 2453 pugnare,
901 2395 930 2437 et
951 2383 1107 2437 conscien.

62 2473 115 2525 tias
133 2486 255 2525 securas
272 2472 410 2539 reddere,
433 2490 537 2525 verum
555 2485 616 2539 est,
639 2474 704 2527 illos
723 2463 848 2527 necdirm
867 2490 952 2527 unam
970 2472 1107 2543 coepisse

63 2562 228 2615 chartulam
246 2561 387 2616 scribere.

128 2652 212 2705 Hanc
230 2651 401 2721 epistolam,
418 2653 458 2705 mi
472 2654 586 2720 Secari,
606 2653 669 2706 ideo
688 2654 722 2706 ad
741 2663 768 2707 te
787 2653 907 2719 scribo,
925 2665 957 2706 ut
974 2651 997 2708 si
1015 2652 1108 2706 editu.

63 2759 113 2796 rus
131 2759 165 2795 es
183 2743 281 2795 denuo
299 2754 410 2795 tomum
426 2743 505 2795 illum
518 2757 672 2815 quartum,
691 2743 827 2796 omnibus
840 2745 934 2797 modis
947 2760 1010 2797 eam
1024 2761 1107 2814 prae.

64 2831 132 2900 ligas
151 2833 198 2885 vel
215 2832 391 2899 subnectas,
418 2841 448 2884 ut
472 2833 508 2886 sit
531 2834 632 2886 lectori
658 2833 683 2886 in
701 2840 769 2887 meu
787 2818 862 2887 libro
881 2834 1042 2888 antidotum
1060 2835 1108 2887 ad.

63 2937 169 2976 versus
194 2921 303 3003 Bucerj
328 2924 552 2992 praelationem:
582 2941 614 2976 eu
639 2941 711 2976 vero
740 2941 829 2978 causa
857 2926 1010 2993 permitto,
1039 2926 1107 2979 atlas

63 3011 174 3065 Bucari
192 3027 310 3065 versam
327 3011 497 3079 Postillam,
514 3014 592 3082 quod
611 3014 656 3075 (ut
674 3013 748 3080 dixi)
767 3013 860 3068 facilis
877 3015 943 3097 styli
959 3027 988 3068 et
1003 3015 1107 3068 <lextra

64 3101 197 3155 vertendi
215 3100 294 3156 douo
310 3119 364 3171 per
381 3101 540 3156 bonitatem
557 3103 616 3157 Dei
636 3105 743 3173 pollet,
769 3105 878 3158 utinam
901 3115 998 3172 gratus
1021 3120 1108 3172 agno.

67 3200 179 3245 sceret:
210 3190 332 3256 deinde,
360 3192 441 3262 quod
466 3209 498 3246 ea
525 3192 584 3263 ipsa
610 3194 784 3263 praefatione
811 3194 883 3248 milti
909 3194 1108 3248 testimonium

67 3279 218 3349 perbibet,
237 3296 304 3334 esse
322 3296 370 3333 me
388 3280 592 3334 vehementem
610 3283 809 3357 adversarium
831 3299 900 3337 suae
917 3295 1033 3350 sectae,
1052 3288 1109 3347 (at.
1132 3302 1135 3308 ²

67 3384 126 3439 que
143 3369 249 3423 utinam
261 3386 315 3440 per
328 3371 442 3438 negotia
454 3370 554 3424 liceret
566 3387 631 3425 esse
643 3371 924 3436 vehementiorem),
941 3386 1109 3442 quanquam

65 3458 137 3512 velit
153 3475 216 3512 rem
233 3460 324 3512 videri
342 3458 496 3514 levicolam
508 3461 590 3515 istam
604 3461 881 3526 dissensiuaculam,
899 3461 1024 3531 denique
1037 3461 1109 3514 citra

64 3548 131 3601 fidei
144 3548 302 3617 jacturam.
335 3549 384 3602 Sic
401 3550 479 3603 enim
495 3551 584 3604 sentit
600 3550 648 3603 ille
666 3550 803 3620 spiritus,
828 3549 914 3602 fidem
930 3566 992 3604 uon
1008 3549 1108 3620 perdi,
1148 3601 1152 3617 ,

65 3638 91 3690 si
110 3638 247 3692 Christus
264 3638 391 3692 mendax
416 3638 445 3692 in
469 3639 568 3693 verbis
594 3640 654 3693 suis
680 3639 916 3708 blasphemetur,
942 3656 1002 3710 quo
1025 3654 1110 3707 argu.

63 3738 170 3782 mento
187 3729 258 3783 satis
275 3729 418 3794 declarat,
434 3745 492 3798 qua
509 3729 710 3783 aestimatione
728 3730 862 3799 dignetur
871 3729 1109 3783 Christum-cum

65 3831 133 3873 toto
144 3835 202 3877 atto
214 3836 314 3887 regno.
350 3819 428 3873 Nam
441 3836 510 3873 cum
527 3820 661 3891 utrinque
679 3819 829 3873 Christum
846 3819 888 3872 sic
905 3830 932 3872 ct
949 3818 992 3872 sic
1010 3818 1108 3872 dicere
1139 3814 1142 3819 ’

65 3910 298 3976 contendamus,
325 3909 441 3979 sintque
458 3925 492 3964 ea
510 3910 670 3977 contraria,
695 3925 818 3964 necesse
836 3920 904 3981 est„
923 3917 971 3962 aut
987 3923 1043 3962 nos
1060 3919 1109 3965 aut

67 3998 134 4051 illus
152 3998 273 4052 Christo
296 3999 400 4052 falsum
421 4009 451 4052 et
472 4000 654 4058 mendacium
680 3999 850 4068 impingere.
883 3999 940 4052 Sed
958 3998 1109 4052 Christum

67 4088 240 4142 mendacem
263 4088 373 4156 facere,
399 4089 424 4143 si
448 4089 509 4143 hoc
532 4105 592 4142 non
617 4098 662 4141 est
686 4087 838 4142 Christum
854 4105 961 4157 negare
978 4100 1008 4142 et
1022 4087 1109 4143 iidem

68 4180 132 4248 ejus
149 4177 375 4248 blasphemare,
400 4178 469 4247 quid
487 4188 530 4231 est
547 4190 609 4233 turn
626 4177 795 4246 Christum,
821 4195 949 4249 quaeso,
975 4178 1110 4249 blasphe-

67 4272 170 4325 mare?
196 4280 254 4322 tam
272 4281 355 4322 acute
374 4269 488 4322 scilice't
505 4270 582 4323 videt
600 4269 654 4323 iate
671 4269 791 4339 spiritus
801 4307 812 4336 ,
829 4280 862 4324 ut
879 4286 941 4324 rem
959 4270 1029 4325 tanti
1047 4287 1110 4324 mo.

68 4360 160 4415 menti
178 4376 233 4430 pro
251 4375 284 4414 re
300 4358 425 4413 levicula
443 4369 471 4414 et
489 4359 607 4415 innoxia
623 4358 739 4416 lrabeat.
765 4361 866 4432 Atque
877 4359 938 4418 hoc
951 4370 1015 4430 est,
1029 4362 1118 4434 quod
