2558 4726
600 358 689 421 1528.
748 406 750 411 ,
1070 345 1071 349 ¹
1104 350 1163 415 285

109 507 182 564 illes
190 509 315 580 ‘quidem
325 527 502 583 parvasque,
521 511 573 566 sed
589 513 678 566 laetas
696 522 724 566 et
735 510 894 581 jucundas,
912 510 1036 565 libenter
1046 507 1162 580 accepi:

109 608 210 654 testes
228 611 296 653 sunt
312 616 371 653 non
390 594 561 655 mouo'fidei
579 612 606 656 et
623 602 768 671 veritatis,
786 619 862 673 quae
879 601 908 656 in
925 612 993 655 tuse
1005 599 1047 655 D.
1064 601 1162 655 animo

107 705 171 763 per
188 688 337 743 Christum
354 690 492 743 suscitata
513 699 575 759 est,
601 690 654 744 sed
679 702 709 744 et
732 684 849 745 alterius
867 689 1020 758 cujusdam
1037 689 1161 744 Abbatis
1203 684 1206 694 '
1251 680 1254 685 ’

110 778 305 846 innominati,
331 795 424 850 aeque
442 780 616 835 venerabilis
634 780 662 834 in
680 781 799 836 Christo
817 781 913 849 senis,
940 780 1025 851 cujus
1041 779 1161 834 nomine

111 884 134 922 ι
151 885 199 922 rue
218 870 289 939 petit
307 869 349 924 D.
366 869 405 924 T.
424 869 579 924 consilium
603 880 631 923 et
647 870 782 924 solatium
808 871 837 925 iu
855 869 1026 941 quaestione
1045 869 1164 925 consci-

110 959 224 1014 entiae.
257 958 392 1014 Primum
409 959 511 1028 gratias
529 977 583 1028 ago
599 959 689 1028 Deo,
707 959 786 1016 Patri
804 973 918 1026 nostro,
935 977 988 1032 per
1001 958 1162 1030 Christum,

110 1049 169 1121 qui
186 1048 311 1104 verbum
327 1064 414 1103 suum
431 1051 519 1103 etiam
541 1050 572 1104 in
594 1049 652 1104 isto
669 1049 774 1119 angulo
797 1061 827 1105 et
842 1050 899 1105 linc
921 1060 1015 1106 terrae
1032 1051 1162 1119 dignatus

110 1147 163 1193 est
181 1137 362 1207 glorificare,
385 1147 413 1193 et
430 1154 503 1206 oro,
521 1146 569 1205 ut,
587 1138 667 1208 quod
684 1138 959 1194 misericordissime
976 1139 1093 1210 coepit,
1112 1138 1164 1192 be.

111 1228 286 1296 uiguissime
304 1237 334 1281 et
350 1227 571 1297 opulentissime
586 1223 715 1298 perficiat
730 1228 760 1283 in
772 1228 859 1283 vobis
877 1229 963 1283 simul
980 1238 1009 1281 et
1024 1228 1162 1284 omnibus

110 1316 225 1385 nobis,
248 1318 355 1371 Amen.
388 1316 459 1370 Jam
485 1316 564 1387 quod
587 1316 622 1370 ad
646 1317 848 1387 quaestionem
872 1317 991 1391 attinet,
1016 1317 1162 1386 arbitror,

111 1406 215 1460 virum
230 1405 317 1460 istum
335 1405 540 1473 securissime,
566 1405 625 1459 imo
643 1421 712 1459 cum
730 1420 835 1474 magno
852 1406 952 1461 fructu
969 1404 998 1460 iu
1013 1415 1162 1463 monaste.

110 1495 163 1551 rio
180 1512 268 1567 posse
285 1511 424 1562 manere,
449 1490 687 1565 quandoquidem
704 1496 747 1550 sic
764 1510 814 1549 res
831 1493 939 1564 habet,
961 1505 995 1551 ut
1009 1512 1108 1568 neque
1125 1496 1163 1552 sd

113 1584 224 1655 impias
240 1584 345 1640 missas
363 1594 412 1639 aut
430 1584 520 1638 ullum
537 1583 612 1638 aliud
627 1598 704 1655 opus
721 1582 789 1638 fidei
806 1581 1011 1650 adversarium,
1022 1595 1161 1656 cogatur,

109 1674 223 1730 deinde
239 1672 378 1729 fratribus
395 1673 507 1728 servire
523 1673 626 1742 liceat,
649 1675 713 1729 sive
729 1674 825 1744 egredi
844 1674 906 1729 sive
923 1690 1042 1730 manere
1059 1678 1162 1732 volen-

108 1762 215 1833 tibus,
238 1763 346 1834 quibus
368 1764 397 1817 in
420 1762 543 1817 Christo
564 1761 689 1830 serviat,
713 1763 760 1816 vel
784 1778 853 1817 cunt
877 1763 1013 1818 fratribus
1031 1764 1162 1837 legendo

110 1854 284 1927 Scripturas
291 1864 304 1922 ·,
320 1855 369 1908 vel
386 1853 497 1907 cnudo
514 1852 600 1906 etiarn
617 1850 695 1923 ipsas
711 1853 802 1907 horas
820 1852 978 1909 canonicas
997 1854 1102 1918 (modo
1108 1886 1125 1923 ,·
1136 1853 1164 1909 sl

110 1960 177 2017 qua
208 1945 321 2014 impura
344 1952 427 1999 extra
448 1942 580 2014 psalmos
606 1953 636 1998 et
656 1942 824 2012 scriptume
851 1954 880 1999 et
904 1944 1048 1999 collectas
1071 1944 1163 1999 mixta

112 2034 244 2102 fuerint,
264 2033 410 2097 omittant)
428 2044 598 2088 etcocnam
610 2035 635 2098 ¹)
651 2032 1047 2093 Domini-communicando.
1080 2033 1164 2107 Quid

115 2126 199 2180 enim
216 2124 296 2178 obsit
306 2122 476 2179 monasterii
486 2123 689 2189 conversatio,
705 2120 756 2174 ubi
774 2120 891 2176 libertas
908 2121 1028 2192 spiritus
1042 2123 1164 2192 regnat?

111 2215 232 2273 Paulus
242 2228 311 2267 cum
328 2212 434 2267 infideli
447 2210 631 2267 Christianos
646 2210 735 2265 cdere
746 2224 835 2280 posse
848 2211 980 2267 decrevit
995 2219 1020 2267 1.
1033 2212 1103 2268 Cor.
1116 2218 1165 2282 8.,

114 2306 207 2360 etiam
224 2304 249 2358 si
266 2302 428 2372 idolothyta
453 2301 515 2371 ipss
532 2300 641 2367 ederit,
665 2299 757 2354 libera
771 2301 973 2370 conscientie,
998 2313 1081 2363 certe
1097 2318 1162 2361 sua.

115 2394 259 2464 Denique
276 2392 387 2446 nollem
403 2390 560 2445 consulere
584 2389 748 2444 discessum
774 2405 791 2443 a
810 2391 990 2447 monasterio
1014 2392 1163 2463 ejusmodi

115 2484 238 2540 senibus
256 2482 346 2547 viris,
372 2481 518 2550 primum,
544 2479 720 2549 quodsum
739 2479 815 2541 lonc
838 2479 901 2535 aliis
917 2496 1022 2550 graves
1044 2493 1161 2553 essent,

113 2584 148 2629 et
166 2574 217 2627 vix
234 2572 433 2637 inveniantur,
451 2568 502 2640 qui
519 2583 573 2623 eos
584 2580 704 2635 curent,
720 2569 974 2639 quemadmodum
985 2573 1063 2640 digni
1079 2583 1163 2643 sunt,

111 2675 145 2720 et
162 2679 238 2733 opus
250 2661 360 2716 habent
375 2658 404 2713 in
421 2660 478 2715 isto
496 2658 603 2735 frigore
616 2657 759 2735 caritatis:
777 2658 850 2714 iutra
864 2675 937 2715 vero
948 2665 1161 2719 monasterium

111 2753 224 2809 nemini
242 2766 346 2820 graves
364 2758 452 2817 sunt,
475 2762 532 2801 uec
558 2745 647 2801 alicus
665 2762 736 2800 cura
759 2763 835 2818 opus
859 2746 984 2818 habeut,
1010 2762 1073 2807 tunt
1099 2754 1163 2813 aliis

111 2843 243 2897 multum
266 2838 440 2893 adsalutem
457 2835 598 2906 prodesse
616 2843 758 2915 possunt,
784 2835 863 2906 quod
886 2838 957 2894 l'oris
981 2840 1076 2910 forte,
1101 2824 1162 2897 imo

114 2942 220 2994 certe,
240 2946 301 2983 uon
326 2935 461 2997 possunt.
503 2923 604 2997 Quare
628 2912 794 3002 hortaberis
818 2924 1100 3000 optimumvirum,
1129 2942 1163 2989 ut

110 3028 233 3078 maneat
249 3035 303 3085 eo,
325 3032 386 3087 quo
404 3025 464 3082 est,
487 3013 573 3078 loco,
600 3022 628 3066 et
646 3012 747 3080 faciat,
774 3015 854 3084 quod
872 3015 957 3083 facit,
982 3017 1012 3072 in
1028 3018 1163 3077 libertato

110 3111 252 3183 spiritus:
269 3105 314 3160 sic
331 3102 408 3157 enim
424 3099 573 3167 nonsibi,
590 3098 642 3154 sed
660 3100 795 3157 fratribus
814 3101 917 3157 deinde
934 3105 1068 3176 perficiet
1086 3110 1162 3165 mul.

111 3215 181 3257 turn
199 3200 227 3252 iu
237 3195 365 3261 mundo,
383 3205 413 3246 et
424 3208 477 3263 per
492 3189 589 3246 onmia
601 3188 719 3245 Christo
731 3207 850 3263 quoque
866 3193 1028 3249 rectissime
1040 3199 1161 3268 serviet,

112 3304 146 3344 et
163 3288 237 3341 laeta
255 3297 410 3338 asserens
426 3276 607 3334 couscientia
624 3278 779 3331 adventum
802 3279 866 3349 ejus
892 3293 921 3335 et
938 3281 1114 3341 desiderabit
1131 3297 1162 3345 et

112 3374 312 3446 exspectabit.
354 3370 434 3425 Nam
458 3376 488 3421 et
513 3383 569 3437 ego
595 3372 640 3419 sic
668 3366 830 3437 aliquandiu
854 3368 931 3439 vixi,
960 3371 1162 3448 vixissemque

114 3467 226 3522 diutius
245 3472 274 3518 ct
291 3461 386 3516 adhuc
402 3457 491 3513 hodie
501 3495 510 3523 ,
536 3457 559 3509 si
578 3455 683 3507 fratres
704 3464 732 3506 et
748 3455 878 3510 conditio
894 3463 1066 3517 monasterii
1083 3467 1162 3536 passi

112 3557 252 3612 fuissent.
286 3551 387 3607 Gratia
404 3545 513 3603 Christi
531 3544 569 3597 sit
587 3558 655 3595 cum
673 3542 810 3597 omnibus
827 3544 931 3615 vobis,
957 3565 986 3604 et
1006 3563 1088 3607 orate
1104 3572 1160 3625 pro
1257 3550 1261 3561 ’

115 3645 204 3701 nobis
221 3651 249 3694 ct
265 3650 324 3695 tota
335 3635 472 3694 Ecclesia
482 3632 553 3689 Dei.
588 3629 811 3700 ll'itenbergae,
829 3634 986 3704 penultima
1000 3637 1161 3713 Februarii,

113 3728 328 3790 MDXXVIII.

599 3798 640 3855 T.
659 3798 701 3855 D.
718 3816 822 3858 servus
840 3800 987 3864 Martinus
1004 3806 1126 3869 Imtltcr'.

120 3927 640 3957 ,,,..........----

163 4017 185 4068 t)
199 4013 246 4063 otc
259 4009 383 4062 ailbricti
397 4007 431 4054 tlt
444 4006 476 4055 ta
490 4006 588 4059 stuata
607 4001 646 4066 stt
657 4010 747 4049 coena
