2558 4726
188 349 249 415 asa
570 342 573 347 ’
652 338 758 419 'asta

186 520 278 575 qiram
299 519 356 559 nos
363 531 378 573 ‚›
397 506 573 587 cognovisti.
613 505 758 579 Episcopi
777 502 1007 576 Bambergcnsis
1033 514 1064 562 et
1087 492 1234 560 Wirzbna

187 594 284 663 gensis
298 611 402 665 pacem
420 598 567 654 lecerunt:
584 595 786 666 Landgmvius
803 596 900 651 adhuc
918 599 947 650 ln
963 595 1056 652 ermis
1074 608 1123 651 est
1139 586 1233 650 contat

186 683 418 754 Moguntinum‚
442 695 578 757 speratur
594 698 625 741 et
649 686 688 740 ibi
707 703 781 757 pax,
807 686 862 741 nisi
883 686 958 740 nolit
973 684 1162 758 Episcopus.
1191 685 1233 741 De

188 773 271 828 ltalia
283 774 353 829 nihil
365 792 489 846 prorsus
501 776 624 829 auditur.
659 775 844 829 Commendo
856 790 912 830 nos
926 774 984 829 tuis
1000 784 1032 829 et
1044 785 1167 830 tuorum
1178 790 1233 828 ora.

187 862 335 933 tionibus,
353 875 383 919 et
396 863 426 918 in
437 863 556 919 Christo
568 873 649 918 recte
660 863 735 920 vale.
768 863 1002 932 ll'itenbergae‚
1019 863 1058 919 M
1066 862 1233 923 Dxxvttt.

871 968 1026 1025 Martinus
1044 968 1210 1025 Lutherus.

221 1330 261 1389 16.
279 1329 421 1398 sullus.
527 1256 542 1301 x
1033 1332 1089 1392 w.
1107 1333 1211 1393 MXV.

275 1483 324 1550 lla
345 1481 564 1561 balthasar
585 1481 780 1566 elicitas
803 1466 1154 1566 stinatianam.

222 1637 321 1691 sienim
333 1637 368 1684 bit
381 1638 631 1695 altmabubluuna
644 1641 670 1688 la
683 1640 826 1696 §talasius
839 1641 865 1687 la
879 1639 999 1696 stanam
1012 1640 1048 1690 lb.
1062 1641 1108 1696 τι.
1122 1649 1172 1690 tm
1183 1642 1209 1689 ia

547 1713 618 1767 blatta
631 1716 732 1769 banalas
745 1714 871 1768 militamt.

235 1946 344 2003 Schlegel
363 1947 387 1993 ln
405 1947 457 1994 vlla
473 1948 576 2005 lauacri
594 1963 618 2008 p.
630 1951 677 1999 unt.
696 1950 761 2003 litbtt
781 1951 855 2001 steten
875 1951 946 2000 batt
965 1953 1036 1998 ualet
1058 1949 1232 2001 mersam

185 2019 283 2072 briefen
296 2031 340 2079 qm
354 2022 413 2068 cod.
427 2024 470 2069 tos.
483 2024 504 2071 l.
518 2022 590 2068 ooth.
604 2025 678 2080 pass
694 2023 741 2077 lest
754 2023 795 2078 lta
808 2024 861 2071 titt
874 2024 975 2077 tutata
988 2024 1041 2076 leot
1053 2025 1104 2072 unt
1117 2023 1158 2078 llis
1169 2024 1231 2075 tuln

186 2093 270 2144 fatiat
282 2104 306 2141 tt
318 2094 372 2144 autb
387 2095 452 2147 talu
465 2104 490 2148 su
504 2096 585 2148 aulen.

187 2227 410 2329 Commendavi
429 2275 480 2329 tibi
497 2275 641 2331 antehoc
660 2285 776 2349 tempus
790 2274 815 2340 ¹)
834 2275 1081 2332 concionatorem
1099 2295 1116 2332 a
1134 2278 1232 2348 Regio.

185 2376 302 2431 monte,
322 2367 373 2418 sed
392 2366 761 2434 itaeommemlavi‚1tttu
780 2368 979 2421 adhortareris
999 2384 1071 2421 eum
1090 2370 1126 2422 ad
1142 2370 1231 2423 mode.
1276 2358 1278 2363 ¹

186 2454 280 2506 stiam.
316 2455 395 2508 Nam
412 2457 486 2509 illius
500 2458 718 2511 concionatoris
734 2475 810 2511 nova
829 2468 916 2528 atque
934 2459 1069 2512 inusitata
1084 2458 1231 2530 petulantia
1276 2508 1278 2513 .

184 2543 348 2597 indicabam
364 2546 393 2609 ²)
418 2547 523 2599 multas
540 2547 736 2601 dissensiones
761 2548 789 2601 in
813 2564 848 2601 eo
868 2549 976 2619 oppido
999 2551 1149 2604 excitatas
1167 2565 1231 2604 esse.

185 2631 257 2684 Non
280 2650 389 2686 accuso
409 2635 486 2702 vulgi
510 2635 741 2705 improbitatem,
765 2653 942 2707 quamquam
960 2637 999 2691 sit
1017 2654 1154 2694 summa:
1178 2653 1233 2692 nam

185 2722 407 2776 concionatoris
437 2734 481 2777 est
505 2725 584 2792 vulgi
611 2724 789 2793 improbitati
817 2726 924 2779 cedere
950 2742 1079 2796 eamque
1105 2728 1234 2798 patientia

184 2810 313 2864 vincere.
351 2811 527 2877 Videbatur,
549 2814 670 2880 nescio,
694 2813 767 2884 quas
786 2815 865 2883 leges
884 2816 963 2868 l'erre
983 2816 1093 2872 civitati
1113 2819 1152 2872 de
1168 2834 1233 2870 cam.

184 2901 286 2970 panis,
305 2902 340 2953 de
359 2904 470 2954 caereis
488 2913 517 2956 et
529 2903 673 2955 similibus
693 2902 798 2957 rebus:
817 2903 885 2974 quia
903 2904 978 2956 haee
992 2922 1054 2959 non
1069 2908 1233 2977 probarent,

186 2990 379 3043 acerbissime
404 2992 432 3042 iu
456 2992 599 3061 ‹patosdam
625 2990 835 3046 invehebatur:
867 2993 972 3059 credo,
1004 2996 1088 3062 ‹ptiod
1120 2997 1182 3050 aliis
1204 2996 1233 3047 de

185 3080 282 3133 causis
306 3080 441 3150 privatim
467 3081 579 3133 oderat.
614 3081 784 3134 Istiusmodi
804 3096 903 3134 mores
926 3082 1176 3138 concionatorum
1194 3102 1231 3155 pa.

184 3170 264 3223 riunt
289 3186 392 3237 graves
418 3170 616 3222 dissensiones
644 3183 672 3222 et
699 3169 799 3222 odium
824 3170 974 3239 Evangelii
999 3173 1231 3228 acerbissimum.

183 3259 318 3314 Primum
344 3261 430 3327 igitur
448 3272 516 3325 erat,
545 3259 569 3311 si
589 3259 662 3311 velis
688 3259 716 3311 iu
735 3260 932 3327 Regiomonte
953 3261 1116 3316 ecclesiam
1134 3263 1232 3318 consti.

185 3363 284 3414 tuere,
305 3360 336 3402 ut
348 3366 453 3416 ειη-ες,
473 3359 502 3401 ut
516 3349 709 3401 concionator
723 3350 760 3401 sit
773 3351 943 3404 itioderatus
961 3367 993 3402 ae
1008 3354 1133 3422 patiens.
1169 3355 1231 3408 Non

183 3450 320 3492 versetur
348 3439 376 3490 in
400 3437 605 3491 ecclesiastico
631 3437 743 3502 officio,
774 3439 823 3506 qui
847 3456 906 3491 non
929 3440 992 3492 vult
1017 3441 1140 3510 iujurias
1164 3442 1230 3508 vulgi

184 3530 314 3601 perferre
347 3544 381 3580 ac
408 3528 602 3580 dissimulare.
646 3527 713 3579 lloc
742 3543 813 3580 vero
844 3529 995 3598 prudentis
1028 3531 1230 3602 dispensatoris

183 3634 285 3671 sanare
310 3617 521 3671 dissimulando
546 3628 640 3669 errata
663 3616 838 3683 homiuum,
864 3629 892 3671 et
919 3619 1080 3685 intelligere
1103 3620 1227 3674 medenti

183 3719 334 3778 tempori,
360 3724 419 3759 aion
444 3708 479 3758 de
506 3706 685 3776 quibuslibet
714 3705 818 3772 rixari,
853 3723 912 3759 non
943 3708 1068 3763 ulscisci
1095 3711 1227 3781 quaslibet

184 3797 373 3851 offensiones.
408 3794 571 3865 Praecipua
597 3795 683 3862 igitur
703 3806 750 3846 tua
768 3811 837 3847 cura
856 3795 893 3848 sit
911 3796 946 3847 de
965 3798 1148 3855 ttioderattdo
1166 3815 1224 3854 cou-

231 4015 251 4059 1)
269 4011 327 4058 coil.
343 4010 415 4056 boll.
432 4010 584 4065 tquendaut.
642 4011 664 4061 2)
680 4009 737 4055 Cod.
749 4008 892 4063 iudicabam.
