2558 4726
632 339 720 408 1525.
1159 334 1201 404 ii

145 490 237 546 tinum
260 490 411 561 significet
437 493 608 564 sanguinem
633 494 761 559 Christi,
787 493 837 548 ulii
863 493 937 548 hare
965 493 993 548 in
1017 490 1198 565 scripturis?

93 622 100 633 .
143 578 246 636 Nonne
261 581 345 636 heco
362 599 443 637 mera
460 594 530 638 sunt
545 570 722 653 nugamenta
751 594 780 637 et
798 584 933 653 figmenta
951 584 1084 654 propriae
1103 581 1198 653 opini-

92 644 99 695 ².
143 672 220 731 mis,
236 673 324 741 qussi
336 671 460 726 sufficiat
470 672 570 726 dicere
584 711 593 736 ‚
609 672 681 727 mihi
694 673 811 727 videtur
822 673 961 743 poculum
973 672 1103 741 (scilicet
1113 672 1195 742 quod

143 774 184 815 est
198 777 307 821 eurum
324 772 355 815 et
373 760 543 830 argentum)
561 777 628 815 esse
645 761 814 833 symbolum
835 762 890 816 lusi
908 778 962 832 pro
978 760 1064 816 nobis
1080 763 1196 831 sangui.

90 878 107 975 p,
143 852 202 917 nis,
225 864 300 905 cum
324 849 398 903 illud
414 850 454 904 sit
470 850 578 904 durum
597 861 626 904 et
644 850 790 919 solidum,
816 867 873 904 neo
892 850 1025 918 fusibile,
1050 862 1138 922 atque
1159 860 1195 907 ut

144 939 257 993 rdttium
272 939 456 1007 admisceas,
473 939 576 994 vinum
592 938 721 1008 bibitur,
737 958 798 995 non
816 941 958 995 funditur.

91 1098 94 1117 ζ
199 1042 324 1119 Quanto
348 1045 461 1099 rectius
483 1045 592 1100 veteris
608 1044 793 1100 Testamenti
819 1045 988 1100 oblationes
1013 1043 1092 1111 vini,
1118 1060 1194 1117 quae

91 1122 95 1163 ²
145 1132 352 1202 fundebantur,
376 1146 478 1189 essent
503 1134 563 1190 fusi
580 1134 730 1205 sanguinis
754 1134 934 1206 symbolum.
968 1135 1026 1189 Sed
1043 1134 1101 1189 sint
1116 1135 1194 1191 haec

91 1262 96 1281 .
145 1222 222 1279 null:
239 1240 360 1279 summa
377 1233 443 1290 est,
465 1233 499 1279 ut
516 1223 635 1295 probari
652 1225 768 1296 possit,
789 1231 852 1292 est,
873 1241 929 1295 pro
953 1224 1120 1297 siquificat
1143 1225 1194 1280 ali.

150 1312 207 1367 nubi
227 1312 340 1386 accipi:
364 1312 483 1384 probari
509 1324 606 1368 tamen
631 1330 691 1368 non
714 1323 829 1385 potest,
852 1313 913 1368 hoc
937 1314 1005 1368 loco
1028 1315 1072 1369 sic
1089 1315 1192 1387 accipi.

144 1400 204 1457 iun
218 1405 281 1459 siue
292 1404 407 1457 ratium
425 1412 454 1458 et
467 1402 615 1474 Scriptura
627 1405 688 1457 vim
705 1404 802 1458 lacere
815 1401 914 1458 verbis
931 1404 1116 1474 sacrilegium
1134 1415 1191 1461 est.

199 1506 301 1581 Quare
318 1524 373 1578 per
383 1507 536 1563 Christum
554 1519 582 1562 et
598 1509 696 1563 omniu
714 1526 789 1581 quae
806 1510 835 1564 in
848 1507 970 1564 Christo
987 1509 1076 1563 chara
1093 1509 1189 1565 habe.

143 1609 217 1665 nus,
242 1610 386 1667 rogamus
402 1597 530 1662 fratres,
552 1605 586 1651 ut
611 1596 725 1652 abhoc
747 1615 864 1666 errore,
889 1608 932 1652 tot
951 1598 1040 1666 signis
1059 1599 1187 1653 indicato

143 1686 257 1741 alienum
273 1701 347 1740 esse
365 1702 381 1738 a
398 1683 514 1757 spiritu,
531 1696 589 1739 tam
606 1684 688 1740 nihili
706 1687 884 1755 argumentis
901 1687 985 1755 nixo,
1006 1686 1187 1757 abstineant,

141 1774 327 1848 desinatque
339 1773 451 1829 animas
464 1774 627 1847 seducere,
643 1775 806 1847 periculum
817 1777 897 1831 enim
909 1776 1011 1831 salutis
1025 1778 1187 1833 animarum

140 1862 181 1919 iic
194 1864 368 1921 maximum
384 1865 486 1933 egitur.

190 1970 287 2045 Quod
306 1969 333 2024 si
352 1969 474 2024 omnino
487 1968 649 2038 (persuasi)
664 1971 801 2031 desinere
813 1970 909 2026 nolint
926 1981 1048 2026 autnon
1060 1971 1187 2042 possint,

135 2058 226 2115 Αιὶιιιί
242 2058 361 2116 saeculi
380 2055 532 2113 furoribus
551 2059 580 2113 id
596 2059 853 2130 comparabimus,
877 2070 906 2115 et
923 2060 964 2115 ira
980 2061 1040 2115 Dei
1057 2071 1188 2117 nostram

134 2150 370 2219 ingratitudinem
386 2149 555 2220 plectente,
580 2149 725 2219 tantisper
742 2149 960 2217 laborabimus,
985 2151 1083 2205 donec
1098 2150 1187 2205 mise.

94 2240 99 2255 '
134 2254 225 2295 rentur
250 2239 367 2294 nostri.
401 2238 553 2291 Damnum
575 2239 740 2293 maximum
758 2237 933 2309 patrabunt,
960 2239 1094 2294 sednon
1120 2256 1187 2311 per.

131 2330 254 2385 r'mcent.
293 2326 388 2403 Quod
405 2325 587 2395 Zwinglius,
609 2327 656 2380 vel
678 2326 752 2397 ipsi,
777 2327 870 2382 verbo
892 2342 961 2382 meo
979 2328 1183 2400 offenduntur,

129 2421 201 2491 qnod
217 2417 304 2477 dixi:
323 2414 367 2477 fii
384 2414 446 2477 tuni
463 2414 531 2480 tttili
548 2412 625 2481 itta,
642 2420 700 2471 ttts
718 2414 754 2479 iti)
767 2414 877 2482 idtttt’ii
896 2416 999 2472 doleo:
1017 2418 1181 2488 significant

128 2510 198 2565 euim
213 2505 369 2564 nonnullo
393 2504 481 2558 animi
498 2504 605 2559 morbo
622 2503 757 2558 laborare
781 2505 894 2560 inme:
919 2522 974 2561 our
998 2508 1051 2579 ipsi
1070 2509 1186 2579 jactant

127 2599 331 2669 experimenta
352 2594 441 2651 fidei?
466 2597 514 2649 An
530 2613 588 2648 non
614 2604 658 2648 est
677 2595 890 2650 fastuosissitnn
907 2596 953 2650 ilin
969 2614 1049 2666 vox,
1076 2599 1101 2653 si
1120 2616 1184 2655 car.

127 2707 187 2743 uem
204 2688 359 2761 spectes?
382 2685 496 2739 verum
512 2683 721 2751 saluberrima,
748 2684 772 2737 si
791 2702 860 2737 vera
878 2686 933 2753 sit,
952 2686 1043 2741 Petro
1061 2697 1181 2759 a'utore,

127 2780 170 2850 qui
184 2780 251 2832 snit
270 2792 331 2831 nos
351 2775 394 2829 sic
411 2774 505 2845 loqui,
527 2785 560 2826 ut
576 2774 649 2827 certi
667 2788 781 2836 sumus,
797 2775 924 2829 verbum
938 2776 997 2830 Dei
1015 2795 1072 2832 nos
1090 2780 1182 2851 loqui.

127 2870 187 2943 Qun
212 2865 402 2923 certitudine
427 2865 485 2918 nisi
509 2864 563 2932 ipsi
587 2863 687 2916 inanes
710 2875 830 2930 essent,
855 2880 951 2917 meam
975 2868 1182 2924 certitudinem

90 2994 93 3021 ,
126 2974 149 3012 tr
163 2958 309 3013 fiduciam
322 2954 440 3009 nonsic
452 2954 631 3007 damnarent.
667 2951 746 3026 Quid
766 2962 811 3006 est
828 2970 931 3007 corum
944 2957 1182 3025 experimentum

90 3036 94 3111 i
128 3048 186 3102 idei
212 3064 243 3101 et
261 3044 385 3116 spiritus
410 3042 633 3108 testimonium,
656 3042 680 3096 si
700 3041 766 3096 talia
784 3043 820 3095 de
837 3044 922 3096 nobis
935 3046 1067 3113 jactare,
1094 3059 1123 3101 et
1144 3048 1182 3102 ab

90 3120 93 3129 ¹
127 3140 182 3194 aliis
209 3136 316 3190 audire
337 3133 448 3203 jactata
472 3147 532 3185 non
557 3129 730 3202 possimus?
748 3129 773 3193 ¹)
801 3130 911 3184 Verum
929 3134 1011 3202 plura
1037 3133 1114 3190 dabit
1131 3153 1180 3191 res

128 3229 198 3299 ipsa,
216 3242 292 3281 curn
310 3221 428 3278 tractari
447 3221 589 3292 coeperit.
625 3219 693 3273 Nos
712 3219 782 3271 certi
800 3235 903 3275 sumus
920 3237 973 3274 eos
991 3239 1105 3289 errare,
1124 3225 1180 3296 ipsi

130 3318 270 3381 viderint,
296 3328 386 3384 ‹puam
404 3311 478 3365 certi
496 3310 569 3377 sint,
592 3324 659 3363 sese
677 3325 736 3363 non
754 3326 867 3365 errare:
890 3309 1042 3366 Dominus
1061 3314 1125 3381 det,
1149 3325 1180 3370 ut

130 3424 193 3461 rere
210 3422 273 3460 non
292 3410 410 3469 errent,
434 3399 496 3453 hoc
514 3411 575 3465 est,
594 3398 787 3468 resipiscant,
811 3406 918 3453 Amen.

188 3513 315 3566 Caetera
333 3519 378 3574 tu,
403 3502 446 3559 mi
465 3505 601 3570 Clraseli,
628 3504 727 3571 dices,
753 3504 836 3558 vides
857 3505 934 3558 enim
952 3522 1008 3560 nos
1027 3525 1088 3563 non
1112 3511 1177 3567 unis

134 3614 174 3657 tut
187 3601 268 3655 binis
285 3598 413 3667 negotiis
431 3606 604 3666 occupatos.
637 3595 726 3648 Anno
744 3593 907 3648 MDXXV.

817 3697 966 3754 Illartinus
984 3698 1144 3759 Lutherus.

174 3922 192 3964 t:
205 3919 255 3967 ‘etr
267 3925 336 3970 eante
349 3915 428 3964 etrltt
442 3913 487 3970 in
502 3918 554 3959 suun
568 3913 629 3958 adeo
643 3910 704 3957 certi
715 3933 808 3948 --·-·
818 3912 911 3962 lactare
924 3924 973 3960 non
986 3914 1105 3972 possimus
1119 3919 1176 3972 stult

137 3991 163 4034 lu
173 3993 286 4042 tmtititn
301 3988 464 4038 manuscrits
