2558 4726
453 381 459 395 ·
537 346 632 418 1525.
1070 349 1113 419 59

118 504 256 582 Quando
278 505 377 564 antem
401 508 477 579 apud
493 523 550 564 nos
566 508 710 566 barbatos
727 507 800 566 nihil
812 517 865 565 *est
881 507 950 566 artis
975 514 1024 562 ant
1041 507 1111 564 culti

58 598 183 668 ingenii,
199 597 276 653 mihi
293 610 322 652 et
332 598 514 668 wolfgango
525 615 595 654 meo
605 599 739 654 ministro
756 615 803 654 ars
818 598 953 655 tornandi
970 606 1110 670 suscepta

56 696 106 743 est.
139 686 294 744 Mittimus
310 687 362 743 hic
386 704 525 756 aureum,
549 700 704 758 rogantes,
730 699 764 744 ut
788 690 979 746 instrumenta
998 690 1110 760 aliquot

59 778 179 837 avendi
195 788 226 832 et
243 777 379 832 tornandi
391 778 477 832 nobis
496 779 623 847 digneris
636 795 706 832 cum
724 787 859 851 tempore
870 781 1003 848 mittere,
1020 779 1108 834 simul

28 870 31 875 '
59 865 123 922 duas
138 877 192 922 aut
207 876 271 922 tres
289 868 381 937 (quas
396 876 504 922 vocant
518 866 705 932 Schrauben)
724 877 755 921 ut
771 868 855 922 facile
872 866 991 922 docebit
1007 877 1108 922 torna.

60 964 101 1010 tor
114 958 236 1028 aliquis.
269 957 469 1011 Instrumenta
486 957 651 1025 habemus,
676 957 727 1012 sed
748 958 860 1029 aliquot
877 957 1061 1026 elegantioris
1078 967 1109 1012 et
1206 1015 1208 1019 ,

61 1057 169 1101 vestrae
181 1045 406 1115 Nurbergeosis
423 1046 494 1100 artis
511 1046 622 1101 soranae
642 1046 822 1117 quaerimus.
856 1047 959 1102 Facies
975 1047 1064 1102 haec:
1082 1047 1108 1100 si

62 1135 120 1206 quid
137 1135 420 1207 supererogaveris,
437 1134 632 1206 rependetur:
648 1153 717 1190 nam
730 1138 822 1191 credo
839 1137 915 1208 apud
928 1153 983 1191 vos
997 1137 1108 1193 vilioris

64 1222 119 1279 esse
142 1224 271 1280 omnino
289 1224 391 1295 preti-i,
415 1224 471 1278 nisi
487 1224 648 1279 molestum
663 1225 717 1291 sit,
741 1234 774 1279 ut
792 1227 817 1280 si
841 1226 962 1281 omnino
976 1217 1108 1282 'mundus

65 1332 109 1370 nos
125 1315 260 1371 noluerit
276 1315 355 1368 alere
373 1323 497 1385 propter
513 1313 655 1382 verbum,
674 1315 822 1370 discamus
839 1319 863 1382 ¹)
888 1332 977 1370 manu
993 1316 1106 1370 victum
1125 1376 1128 1380 Δ

65 1421 174 1475 parare,
198 1414 229 1458 et
246 1404 411 1458 serviamus
437 1401 560 1471 indignis
584 1411 614 1457 et
637 1403 755 1473 ingratis
778 1404 813 1458 ad
838 1403 993 1472 imaginem
1010 1403 1107 1461 Patris

63 1494 146 1550 nostri
163 1494 195 1549 in
213 1493 319 1549 coelis.
353 1490 457 1549 Gratia
473 1491 535 1547 Dei
552 1501 663 1550 tecum.
696 1492 792 1548 Datae
809 1511 885 1551 anno
902 1494 1067 1551 Mnxxv.

87 1827 126 1881 st.
143 1822 338 1887 occentet.
823 1825 878 1883 ΝΟ.
894 1826 1073 1882 DCCLxll.

360 1975 410 2055 tta
436 1974 603 2053 uitiati
629 1973 800 2054 &sitiet

100 2134 125 2182 t.
136 2133 217 2185 tento
230 2133 267 2179 tit
279 2131 372 2184 &uniit
389 2133 419 2178 de
432 2144 504 2180 servo
518 2099 632 2190 arbitrio,
652 2132 734 2185 tutat
751 2132 791 2183 stu
810 2131 866 2179 iiber
882 2133 923 2180 tta
941 2098 1109 2182 encaeniata·

60 2205 276 2335 &agapetus
289 2204 327 2258 tiis
339 2205 377 2253 tta
390 2211 437 2254 tou
449 2208 489 2256 sit.
503 2207 568 2258 otti
580 2207 680 2266 portat
699 2208 737 2254 to
750 2207 813 2262 stau
827 2207 929 2312 ‘sieten¹
944 2210 971 2260 tu
984 2210 1107 2255 amitten«

183 2479 516 2534 nnaartraaeruao.
531 2481 553 2529 a.
579 2468 974 2536 oeatsuaeanatoxxtssa.

54 2616 200 2718 Gratiam
227 2670 257 2716 et
282 2677 383 2734 pacem
410 2664 437 2718 in
462 2663 607 2718 Domino.
641 2663 733 2719 Mitto
759 2662 811 2718 tibi
832 2660 991 2715 lirasmum
1018 2678 1032 2714 a
1056 2676 1106 2716 ane

53 2753 258 2819 confutatum,
272 2752 307 2806 'ut
323 2754 353 2807 in
371 2752 453 2808 brevi
471 2764 499 2808 et
517 2753 679 2808 festinantia
697 2751 760 2806 fieri
778 2753 888 2825 potuit,
903 2752 944 2804 mi
961 2749 1105 2806 Michael.

51 2840 227 2915 Etpiacet‚
254 2843 334 2912 quod
359 2843 469 2912 sentis,
492 2859 581 2915 quam
599 2853 704 2913 potens
731 2842 770 2897 sit
785 2842 931 2911 Princeps
948 2843 1047 2895 mnndi
1074 2842 1104 2897 in

50 2931 145 2987 fructu
172 2931 258 2984 verbi
282 2931 483 3004 impediendo,
510 2934 621 2986 etiamsi
644 2931 742 2985 andire
768 2931 939 3001 permittere
964 2941 1103 2998 cogatur,

50 3029 106 3075 tum
118 3022 151 3074 in
165 3019 303 3074 serendis
317 3021 407 3075 sectis
419 3021 575 3090 impiorum
586 3019 617 3073 h.
631 3035 656 3074 e.
670 3020 786 3073 zizaniis
799 3020 870 3074 suis.
899 3019 991 3073 Habet
1005 3031 1103 3073 nutem
1197 3084 1202 3097 ,
1228 3047 1232 3067 t

52 3124 135 3165 emor
154 3111 213 3164 iste
232 3108 268 3162 de
285 3107 473 3164 Sacramento
489 3118 551 3163 tres
569 3120 666 3163 sectas
684 3109 712 3162 in
730 3125 790 3164 uno
811 3124 911 3163 sensu.
945 3108 1019 3162 Aliis
1037 3106 1104 3161 rati.

52 3201 159 3255 conaus
186 3198 350 3267 Zwinglius
375 3208 479 3253 contra
505 3198 717 3253 Carolstsdinm
742 3199 853 3270 pergit,
878 3199 941 3252 aliis
961 3197 1103 3252 Schiesita

52 3287 228 3343 Valentinus
244 3285 274 3352 ³⁵)
299 3296 404 3341 contra
419 3296 578 3357 utrumque
597 3297 623 3340 et
646 3303 768 3354 omnes,
795 3288 910 3358 dequo
929 3287 1028 3341 aitdies
1047 3304 1102 3341 suo

52 3387 198 3451 tempore.
235 3376 291 3430 Ista
316 3386 463 3431 sectarum
488 3377 640 3446 pugnantia
659 3377 773 3444 signum
798 3386 862 3442 est,
889 3378 1007 3430 Satanae
1034 3394 1103 3432 esse

55 3471 129 3538 quod
149 3468 283 3533 docent,
302 3484 338 3520 eo
357 3467 436 3536 quod
456 3467 572 3537 spiritus
584 3466 643 3520 Dei
661 3484 720 3519 non
739 3466 777 3520 sit
795 3467 986 3520 dissensionis
1005 3467 1102 3535 Deus,

56 3561 101 3614 ted
117 3559 217 3631 pacis.
249 3556 415 3611 Dominam
440 3568 517 3611 tuam
542 3555 672 3611 officiose
690 3555 830 3610 salutabis
856 3558 1102 3627 manumittis,

58 3708 207 3724 -1-1-

97 3804 117 3847 n
132 3797 302 3851 vtttttutiutto
317 3797 370 3848 uati
384 3795 508 3843 distemus.

59 3933 278 3949 *-

97 4032 117 4078 ·;
136 4025 285 4076 stantune.
