2558 4726
536 339 625 409 152l.
1048 335 1107 407 tell

10 513 13 567 ζ
58 492 201 563 infirmis,
219 502 249 550 et
266 497 314 567 qui
331 514 391 553 non
407 509 534 569 coguut,
551 517 648 572 neque
661 499 846 572 impugnant,
864 499 957 570 possit
968 514 1023 570 pro
1035 497 1106 567 ipsis

57 586 201 641 docendis
219 599 248 641 et
274 588 489 644 lucrifaciendis
512 590 658 646 interdum
680 591 793 660 omitti,
819 591 896 646 sicut
918 590 1029 645 Paulus
1053 588 1110 642 eir.

58 676 249 732 cumcidebat
263 676 480 745 Timotheum,
496 679 546 734 ubi
564 681 689 735 docendi
707 679 925 748 erautuudaei,
942 680 993 733 sed
1005 679 1109 733 Titum

57 782 121 822 uon
139 779 185 822 est
203 783 307 837 passus
326 768 519 839 circumcidi,
544 770 593 825 ubi
618 772 792 840 cogebatur,
818 781 847 825 et
863 770 987 825 Petrum
1009 783 1110 840 repre.

57 855 229 928 hendebat,
252 857 333 928 quod
356 870 457 927 gentes
475 853 572 927 coegit
592 860 752 928 judaisare.
787 860 863 915 Cum
888 844 973 928 igitur
996 857 1111 928 tyranni

16 974 21 985 ·
57 965 121 1002 non
138 947 198 1002 hoo
216 958 312 1014 agant,
329 958 362 1001 ut
380 959 518 1018 tanquam
536 949 641 1004 infirmi
659 949 782 1017 discant,
800 950 852 1004 sed
868 959 899 1002 ut
917 948 995 1003 servi
1012 947 1109 1020 Papae

58 1047 90 1093 et
107 1036 233 1090 ministri
252 1037 373 1091 Satanae
398 1036 559 1092 extinctam
582 1039 687 1093 volunt
711 1039 876 1093 libertatern
899 1048 1049 1091 nostram:
1072 1053 1110 1090 ue

57 1125 122 1198 psso
139 1125 260 1197 quidem
278 1125 320 1179 eis
338 1126 504 1181 cedendum
522 1136 584 1195 est,
602 1138 651 1181 aut
666 1128 727 1182 ullo
745 1137 874 1199 puncto,
892 1127 945 1182 sed
959 1125 1112 1181 conliden-

58 1222 109 1270 ter
123 1214 382 1286 pronuntiandum,
396 1231 431 1269 ac
447 1232 518 1269 cum
532 1215 627 1271 Paulo
644 1216 901 1285 proclamandum:
920 1215 957 1270 Si
973 1214 1110 1269 circum.

60 1304 232 1373 cidamini,
260 1303 407 1359 Christus
423 1303 509 1360 vobis
524 1305 608 1359 nihil
620 1307 777 1378 proderit.
812 1307 854 1362 Ita
879 1306 902 1360 si
927 1320 1020 1359 uuum
1040 1305 1112 1359 «lota

61 1395 205 1466 tyrannici
228 1395 381 1466 praecepti
406 1395 574 1463 admiseris,
599 1405 696 1451 totum
716 1396 867 1452 Christum
888 1395 1010 1466 negasti.
1043 1394 1112 1450 Neo
1180 1416 1182 1421 >

61 1485 144 1539 enim
166 1485 257 1539 refert
275 1485 426 1539 Christum
451 1485 480 1538 lu
502 1501 609 1555 magno
631 1494 680 1540 aut
702 1502 795 1556 parvo
817 1495 977 1557 praecepto
999 1502 1110 1555 neges,

60 1573 141 1628 idem
157 1573 293 1628 Christus
310 1573 339 1628 iu
356 1589 462 1642 magno
479 1584 508 1628 et
525 1589 617 1646 parvo
634 1583 697 1643 est,
716 1575 850 1647 quamvis
867 1575 988 1635 libertas
1001 1592 1059 1632 uon
1072 1574 1112 1630 sit

58 1679 152 1737 parva
168 1679 217 1719 res
227 1702 238 1732 ,
264 1663 377 1719 etiamsi
396 1663 427 1718 in
444 1681 534 1736 parva
551 1682 586 1719 re
600 1674 754 1734 versetur,
779 1676 812 1719 ut
828 1677 872 1738 est
888 1682 957 1721 esca
975 1674 1005 1719 et
1022 1675 1111 1736 potua

60 1762 92 1808 et
111 1769 198 1822 uxor,
216 1755 356 1822 sanguine
368 1754 446 1807 enim
465 1753 514 1808 filii
526 1753 585 1808 Dei
596 1764 713 1810 constat
729 1765 758 1809 et
773 1755 859 1811 nohis
877 1765 957 1826 parta
974 1766 1029 1810 est.
1056 1753 1113 1809 Ni.

58 1842 104 1898 hil
124 1853 168 1896 est
184 1842 279 1914 itaque
297 1840 467 1898 charitatem
479 1843 611 1912 jactare,
636 1853 669 1897 ut
684 1842 847 1898 libertatem
862 1844 976 1912 laedas,
1001 1859 1067 1897 nam
1086 1843 1110 1898 si
1179 1886 1187 1893 .

58 1932 124 1988 hoo
141 1931 242 1985 licebit
259 1930 393 1987 charitati
410 1931 439 1987 in
457 1931 642 2000 libertatem,
660 1932 760 1987 licebit
777 1931 854 1985 idern
869 1931 898 1984 ln
909 1942 1001 1991 totum
1014 1931 1112 1986 Euan.

61 2021 178 2092 gellon,
204 2021 284 2091 quod
310 2019 398 2074 etiam
421 2030 564 2091 quaerunt
587 2021 710 2092 tyranni.
743 2019 833 2082 iiten
856 2022 900 2078 itt
917 2017 1013 2080 ituiti
1033 2019 1112 2079 tiam

60 2106 384 2182 &terrentianello
409 2106 435 2174 te
459 2107 528 2176 tritt
546 2111 589 2166 tta
606 2121 672 2180 gart
688 2108 744 2168 ani
760 2121 809 2179 tur
825 2108 896 2166 unt.
930 2109 1057 2181 Reliqua
1080 2118 1111 2164 tu

59 2198 149 2255 latius
167 2208 196 2254 et
212 2198 357 2272 scripsisti
375 2206 405 2254 et
421 2199 517 2268 nosti,
542 2197 617 2254 liaeo
639 2215 695 2271 pro
716 2214 786 2253 meo
807 2198 977 2254 testimonio
994 2198 1047 2253 tibi
1062 2197 1111 2252 sd.

62 2289 135 2344 dere
153 2288 245 2345 volui.

128 2428 179 2485 De
195 2427 394 2485 visitatoribus
417 2430 580 2493 nostriset
603 2429 708 2483 eorum
731 2429 859 2484 decretis
879 2444 1017 2498 agemus,
1041 2443 1111 2483 cum

63 2519 157 2574 aderit
175 2519 344 2590 Philippus:
370 2520 438 2573 nam
454 2519 505 2573 hic
524 2520 725 2588 excudentur,
748 2530 892 2591 quantum
915 2518 1044 2589 intelligo
1071 2533 1111 2573 ex

62 2610 204 2684 Principe
216 2608 369 2664 Electore.
399 2608 520 2662 Interim
533 2609 700 2678 patientiam
711 2607 821 2663 habeto
831 2644 847 2676 ,-
857 2616 887 2663 et
898 2607 1110 2681 disputationes

62 2716 154 2772 super
169 2699 227 2754 hac
245 2716 277 2752 re
295 2698 494 2768 coerceto,*)
511 2715 547 2752 ue
565 2716 641 2770 opus
659 2699 736 2754 istud
753 2698 957 2765 necessarium
972 2698 1111 2753 visitatio.

63 2791 109 2845 nis
126 2801 192 2845 ante
209 2801 325 2860 tempus
343 2800 370 2843 et
387 2805 452 2843 ante
469 2804 588 2842 causam
602 2789 771 2860 impediatur
781 2787 810 2843 in
822 2804 913 2842 cursu
925 2794 995 2842 sum
1026 2787 1111 2842 Chri.

64 2893 131 2935 stus
157 2879 254 2946 dabit,
280 2889 312 2932 ut
330 2878 426 2933 otunia
445 2888 526 2933 recte
544 2878 621 2932 liant.
655 2876 787 2933 Mundus
805 2888 834 2931 et
850 2877 924 2931 ratio
942 2894 1001 2930 nou
1019 2878 1110 2945 capit,

67 2986 158 3040 quam
175 2970 213 3024 sit
230 2968 359 3038 cognitio
375 2968 480 3035 ardua,
496 2965 647 3022 Christum
666 2984 732 3022 esse
747 2966 891 3036 justitiam
909 2977 1056 3021 nostram:
1074 2966 1110 3018 ita

64 3076 191 3130 opcmm
208 3059 308 3131 opinio
325 3057 411 3113 uobis
428 3057 616 3129 incorporata
634 3065 793 3128 agnitaque
815 3065 845 3111 et
868 3055 1030 3111 iuuaturats
1054 3065 1110 3109 est.

63 3149 252 3204 Commendo
269 3149 298 3203 in
315 3162 422 3219 preces
440 3156 503 3201 tuas
519 3146 672 3216 Evangelii
690 3156 720 3199 et
737 3145 893 3200 Ecclesiae
911 3160 1048 3217 carneam,
1070 3145 1110 3199 si.

61 3241 125 3294 rnul
144 3249 173 3293 et
191 3256 246 3310 pro
263 3254 311 3291 me
330 3247 414 3291 orato
433 3235 604 3303 Christum,
620 3245 651 3290 ut
669 3234 790 3290 roboret
806 3251 864 3290 rue.
898 3233 994 3289 Saluta
1010 3232 1111 3291 Elsam

61 3343 146 3385 tuam
165 3339 194 3383 et
213 3343 326 3385 omnes.
361 3326 469 3381 Ultima
486 3324 632 3394 Augusti,
657 3323 852 3393 utuxxvtt.

744 3478 893 3535 Martinus
915 3458 1076 3534 Lutherus.

113 3938 137 3990 ’1
157 3937 268 3988 itarital«
281 3945 332 3984 mer
344 3937 390 3983 mtt
402 3938 451 3983 tem
464 3936 594 3984 uertatur
611 3937 648 3982 ter
660 3892 791 3987 utstatim
807 3935 962 3989 assumimur.
986 3937 1019 3987 ὅ.
1031 3937 1112 3986 uas

61 4013 99 4061 ²1.
114 4015 165 4061 ott
178 4020 209 4059 cu
223 4011 397 4064 virtututum.
422 4009 466 4055 No.
481 4008 618 4056 [iccccllss
