2558 4726
542 313 630 406 nn.
1054 314 1116 403 ⁴63

123 495 254 552 Proinde
271 495 347 550 sicut
363 503 410 550 tua
427 495 592 552 Potemitas
610 495 757 550 desiderat
769 511 816 550 me
834 495 950 564 videre,
969 494 1006 550 ita
1023 494 1115 550 vicis.

57 586 115 641 sim
131 592 236 656 magna
253 588 389 659 voluptas
412 589 440 642 in
460 587 580 642 Christo
598 586 672 641 mihi
696 579 794 652 edset,
819 587 1004 642 venerandos
1022 602 1116 643 canos

55 687 126 733 tuos
144 679 246 733 videre
264 678 457 733 confessores
475 676 583 731 Christi
608 677 636 730 in
658 677 716 730 hac
737 676 822 732 turba
840 693 1002 749 procerum
1019 676 1118 732 hosti.

55 769 150 835 lium,
174 767 317 823 audentes
340 767 397 823 illis
415 767 584 822 dissentire.
617 765 699 821 Mihi
723 783 793 821 sane
816 768 860 821 sas
884 784 945 822 non
972 779 1034 835 est,
1056 783 1138 822 nec·

54 856 185 912 liberum
202 859 279 912 istuc
292 857 453 929 proficisci.
486 857 638 911 Dominus
656 867 754 910 autem
769 855 856 922 velit,
875 857 925 927 qui
943 866 1044 927 potest
1059 872 1115 912 nos

56 938 257 1017 conjungere,
281 946 330 1000 vel
348 962 404 1001 una
421 946 519 1001 solum
536 945 622 1012 vice,
644 939 697 1015 qui
711 944 750 1000 R.
768 944 804 1000 P.
821 945 862 1000 T.
880 946 1117 1003 misericorditer

33 1036 37 1043 ’
55 1047 161 1108 augeat
178 1048 209 1092 et
225 1047 344 1103 servet,
363 1027 470 1093 Arnen.
505 1038 547 1090 28.
563 1033 658 1104 Maji,
676 1050 753 1089 anno
770 1032 955 1092 MDxxlx.

691 1150 731 1206 T.
748 1149 899 1207 Martinus
915 1150 1081 1208 Lutherus.
1120 1197 1122 1207 .

394 1713 450 1784 litt
472 1711 557 1787 tlte.
579 1710 776 1791 llnllmi.

333 1870 358 1920 ε.
372 1870 446 1922 tentet
459 1880 490 1917 on
502 1871 530 1919 et.
545 1832 665 1922 oestuo}
677 1877 723 1917 oon
735 1870 836 1921 molter.

509 2023 652 2040 ..n-
724 2019 729 2028 “

115 2140 155 2194 {tn
167 2141 208 2229 orn
222 2137 314 2194 uoto·
327 2139 422 2191 metor.
436 2141 493 2189 1721.
506 2139 540 2190 &-
553 2139 597 2187 ¹75.
622 2137 675 2190 Μ
688 2138 958 2189 stechel-nannet
969 2153 994 2202 p.
1007 2143 1053 2195 lli.

376 2213 476 2266 ciritio
490 2215 530 2266 tre
543 2212 637 2263 wel&
650 2211 714 2259 m.
728 2214 785 2261 1¹66.

322 2361 468 2421 Domino
485 2359 625 2416 Nicoloo
641 2359 843 2429 Amsdorfio.

55 2483 112 2574 G·
130 2534 162 2582 et
176 2527 213 2583 P.
231 2527 265 2582 in
279 2525 413 2582 Christo.
445 2525 531 2581 Nihil
549 2541 697 2581 novorum
716 2524 792 2597 apud
808 2540 886 2594 nos,
910 2540 986 2598 quae
1003 2534 1035 2581 tu
1051 2543 1115 2583 non

52 2620 151 2674 noris.
185 2618 249 2672 Hos
265 2633 340 2672 vero
356 2616 507 2671 ministros
525 2614 608 2670 verbi
628 2613 785 2671 Goslariae
804 2614 839 2669 ad
856 2626 885 2670 te
902 2616 986 2677 misi.
1006 2607 1045 2673 'ut
1061 2618 1115 2675 tibi

54 2706 216 2763 Ecclesiae
232 2705 434 2762 Goslariensis
452 2703 597 2759 rationem
613 2713 784 2771 narrarent,
807 2717 900 2774 quos,
916 2721 1027 2777 quaeso
1036 2747 1046 2775 ,
1062 2706 1115 2763 be.

54 2799 185 2868 nigniter
200 2796 299 2852 audias
324 2805 355 2850 et
372 2794 599 2849 commendatos
616 2792 736 2848 habeas.
769 2793 846 2849 Boni
864 2804 894 2848 et
917 2794 1020 2866 integri
1038 2796 1113 2853 mihi

56 2887 193 2943 videntur
214 2903 283 2942 csse
308 2885 443 2956 dignique
469 2885 570 2938 favore
589 2884 722 2954 piorum:
748 2884 874 2955 pertinet
899 2895 997 2940 autern
1023 2887 1059 2942 ad
1082 2897 1114 2944 te

55 2992 180 3049 quoque
204 2976 267 3030 talia
285 2989 392 3041 nosse,
414 2981 445 3026 et
461 2971 667 3045 praemoneri,
688 2981 722 3026 ut
746 2973 796 3043 qui
815 2973 927 3043 primus
949 2973 987 3028 ibi
1011 2976 1116 3032 funda.

54 3076 193 3123 mentum
218 3065 331 3136 jeceris
361 3063 498 3134 pietatis,
534 3071 563 3115 et
587 3076 647 3116 non
682 3061 838 3117 infeliciter
863 3067 1113 3134 superstruxeris.

53 3158 177 3215 Deinde
201 3155 340 3212 animabit
356 3155 423 3225 pios
446 3163 476 3208 et
499 3151 653 3223 trepidos,
679 3150 729 3205 ubi
750 3151 899 3206 senserint
921 3163 1059 3210 nostrum
1083 3156 1115 3212 in

53 3249 114 3306 hac
131 3264 219 3302 causa
237 3260 419 3300 consensum
437 3252 465 3296 et
481 3241 629 3311 gaudium.
663 3239 755 3293 Simul
772 3249 802 3292 et
814 3240 949 3296 satanam
962 3259 1033 3297 cum
1051 3246 1114 3302 suis

55 3337 177 3408 organis
193 3337 242 3391 vel
259 3334 438 3399 confundet,
462 3330 511 3386 vel
528 3331 632 3385 saltem
655 3328 803 3399 impediet.
839 3328 920 3383 Fove
943 3332 1041 3403 itaque
1059 3351 1115 3393 eoo

55 3447 167 3488 sereno
184 3427 269 3483 vulto
294 3435 325 3481 et
342 3423 499 3480 consolare
519 3421 548 3475 in
566 3419 731 3479 visceribus
749 3418 867 3475 Christi.
901 3421 980 3478 Nam
999 3425 1050 3495 qui
1068 3429 1115 3482 sic

55 3529 194 3576 metuunt
211 3517 347 3574 scandula
363 3526 393 3568 et
411 3512 456 3585 sic
473 3508 580 3566 soliciti
599 3518 668 3564 sunt
691 3526 745 3578 pro
764 3509 942 3579 concordia,
965 3530 1026 3569 non
1044 3533 1114 3587 pos.

56 3621 127 3667 sunt
150 3626 213 3664 non
237 3606 348 3678 optima
373 3616 564 3675 praesumere
589 3597 618 3653 in
636 3597 767 3655 Christo.
802 3598 938 3656 Christus
962 3611 991 3657 te
1014 3616 1115 3662 servet

55 3720 91 3759 ac
109 3702 219 3768 salvet,
238 3701 346 3753 Amen.
383 3693 491 3749 Ultima
508 3688 600 3759 Illaji,
617 3705 694 3743 anno
711 3688 893 3746 Mnxxlx.

689 3802 729 3858 T.
747 3802 897 3861 Martinus
914 3802 1078 3868 Lutherus.
