2558 5048
588 651 677 723 [5274
934 652 935 655 ’
1099 650 1158 735 tlt

138 813 185 870 29⁶
202 808 408 870 uiuentes<
828 810 880 868 N0.
897 809 1124 868 Dccccxxll.

435 961 482 1030 lin
515 958 653 1043 &nint
688 958 834 1041 strant.
881 1044 886 1051 ,

163 1116 301 1199 &intritum
314 1116 368 1168 aad
382 1113 528 1173 wittrntrrn
543 1117 619 1171 rutilat
632 1128 657 1172 au
672 1118 764 1171 tenenti
778 1118 824 1166 unt
837 1117 986 1170 ttadrlrttnt
999 1126 1045 1166 ten
1058 1119 1094 1167 lt.

210 1334 592 1403 'nniunnlnnasan
618 1351 955 1408 oeatsainaanaxn.
970 1353 1027 1401 lon.

102 1484 252 1585 Gratiam
269 1539 300 1586 et
316 1547 422 1602 pacem
439 1533 469 1586 in
486 1533 631 1590 Domino.
666 1533 764 1609 Quod
774 1551 830 1607 pro
847 1551 896 1589 me
912 1548 994 1600 oras,
1012 1531 1051 1589 mi
1064 1531 1180 1615 Jonrnd

103 1619 240 1691 facisque
256 1620 285 1675 id
302 1621 430 1689 sedulo,
446 1624 520 1677 lucis
539 1625 818 1680 rern¹neeessariam
831 1623 907 1679 mibi
920 1623 1033 1682 misero
1043 1621 1173 1694 Christi·

92 1708 310 1779 'peripsematiz
335 1710 470 1767 vicissim
485 1728 541 1786 pro
556 1723 590 1766 te
605 1729 660 1767 oro
678 1729 715 1767 ex
737 1713 850 1780 animo,
876 1720 908 1767 ut
925 1711 966 1773 tui
983 1712 1159 1769 misereatur

103 1799 259 1868 Christus,
290 1817 360 1854 nem
384 1801 490 1868 sudio,
520 1802 627 1856 iterum
650 1813 679 1856 te
705 1804 833 1871 graviter
857 1802 1061 1856 conflictatum
1086 1813 1157 1856 esse

92 1904 175 1943 ‘cum
191 1889 318 1944 calculo.
352 1889 421 1958 Ego
439 1904 531 1960 poene
549 1891 755 1959 consulerem,
781 1892 816 1945 ad
834 1906 889 1946 nos
909 1901 941 1944 ut
959 1891 1070 1945 redires
1087 1903 1158 1960 pro.

99 1978 236 2050 pediern:
261 1996 328 2034 nam
346 1981 439 2049 pestis
456 1991 575 2048 nostra,
595 1980 714 2036 Christo
731 1984 866 2048 l'avenre,
889 1980 988 2037 mitior
1004 1980 1078 2046 lacta
1095 1988 1160 2047 est,

99 2069 262 2138 populares
283 2080 367 2123 certe
385 2070 479 2124 nostri
497 2070 614 2140 nuptias
641 2081 793 2141 repetunt,
824 2081 852 2125 et
870 2055 959 2140 quasi¹
978 2071 1054 2124 victa
1071 2079 1174 2140 pestem

100 2174 210 2212 secure
223 2174 308 2227 agere
325 2158 480 2228 incipiunt.
513 2159 632 2214 Deinde
646 2159 727 2228 regio
742 2169 809 2227 tua,
826 2171 896 2230 post
906 2158 1008 2228 Ignatii
1026 2173 1156 2214 uxorem

98 2259 131 2303 ct
144 2248 297 2303 «Ioannem
316 2248 493 2302 Dorotheac
510 2249 666 2314 maritum,
689 2263 873 2320 psenelpura
891 2247 988 2302 adlrno
1006 2247 1160 2315 consistit,

98 2338 259 2409 usque-ad
283 2337 460 2392 Paroclriain
487 2347 522 2390 et,
544 2339 651 2392 lorum.
686 2338 836 2392 Dominus
866 2337 1002 2391 consulet
1027 2336 1095 2403 tibi,
1124 2345 1158 2392 ut

99 2427 192 2480 facins
205 2427 287 2496 quod
301 2427 338 2479 illi
351 2427 448 2497 placet
467 2439 497 2481 et
509 2427 560 2481 tibi
573 2426 744 2480 commodet
752 2460 762 2489 ,
778 2425 887 2478 Arnen.
920 2425 1016 2483 Saluta
1030 2424 1157 2479 Ketham

99 2527 184 2570 tuam
207 2528 237 2570 et
256 2515 420 2570 dustulum.
462 2515 619 2584 Augustini
645 2529 724 2569 uxor
748 2514 924 2568 resurrexit.
962 2513 1157 2582 Margaretha

99 2604 270 2660 Mochinna
282 2604 307 2660 si
325 2605 447 2670 evadet,
465 2605 568 2658 evadet
583 2602 755 2669 difficulter,
773 2617 924 2680 speramus
943 2609 1039 2655 tamen
1052 2602 1156 2657 viram:

99 2695 242 2750 decubuit
260 2695 325 2765 plus
343 2694 439 2747 minus
459 2693 513 2747 vn
530 2692 750 2759 hebdomadas,
767 2692 865 2746 auditu
884 2692 992 2762 privata
1009 2709 1095 2761 aegre
1113 2693 1174 2765 lo,

99 2786 212 2856 quitur.
247 2783 344 2838 Ketha
361 2799 430 2836 mee
443 2783 525 2837 oanni
542 2783 619 2836 hora
635 2780 930 2852 partumexpectat,
955 2781 1091 2838 Christus
1112 2785 1155 2837 [ἃς

97 2886 189 2943 neat,
206 2876 315 2928 Amen.
349 2872 451 2942 vigilia
468 2873 620 2939 Andreae,
637 2871 834 2930 nluxxl'll.

766 3017 769 3024 ,
824 2953 974 3031 Martinus
991 2975 1118 3034 Luther.

163 3110 301 3164 Domum
314 3119 393 3165 tuam
410 3109 506 3164 adimo
518 3125 639 3181 puram,
657 3107 731 3163 sicut
751 3117 780 3162 et
795 3116 887 3162 totam
906 3107 983 3161 illam
996 3109 1150 3177 regionem

96 3201 319 3255 Coswicensem
338 3201 497 3266 habemus,
520 3200 597 3253 unde
623 3198 748 3266 egotibi
774 3198 885 3252 absenti
904 3197 1051 3268 hospitem
1075 3216 1147 3252 con.

95 3291 176 3344 stimi
194 3291 311 3344 alterius
330 3289 456 3343 doannis
474 3289 620 3359 Capeliani
639 3305 765 3341 taxurem
784 3304 852 3341 cum
871 3287 986 3356 liberis,
1011 3305 1047 3341 eo
1067 3290 1148 3358 quod

93 3380 275 3434 mulier‘istn
293 3380 378 3433 nimis
397 3390 581 3432 consternata
600 3378 699 3431 sociae
717 3378 840 3431 amissae
854 3377 997 3443 decessu,
1015 3388 1045 3429 ut
1062 3378 1147 3432 aliter
1198 3390 1200 3393 ·

94 3469 122 3521 ei
141 3467 288 3540 provideri
306 3485 364 3522 non
382 3467 478 3539 possit
494 3466 673 3520 consolatio:
696 3465 752 3534 ipsi
770 3476 867 3518 temen
885 3466 1031 3534 Capeliani
1057 3466 1145 3519 ambo

92 3561 125 3614 in
151 3559 299 3614 parochia
325 3570 444 3611 manent
469 3568 497 3611 et
523 3558 682 3613 dormiunt.
717 3557 766 3610 'ru
793 3555 877 3625 igitur
902 3556 983 3623 vide,
1010 3568 1044 3609 ut
1068 3557 1147 3612 hano

93 3667 192 3704 meam
212 3649 409 3703 necessarium
428 3647 575 3699 andaciam
596 3647 624 3699 in
642 3662 688 3699 res
706 3656 770 3699 tuas
787 3654 968 3712 grassantem
988 3645 1055 3700 boni
1074 3663 1146 3701 con.

93 3741 196 3807 sulas,
220 3739 278 3793 hac
295 3749 394 3792 tamen
411 3735 486 3802 fide,
511 3748 543 3789 ut
569 3735 592 3788 si
611 3737 702 3804 pestis
729 3735 785 3787 illic
810 3750 930 3804 quoque
955 3735 1079 3805 aliquem
1105 3752 1145 3791 ex

92 3831 151 3886 illis
177 3828 336 3894 invaserit,
361 3842 434 3880 mox
450 3825 494 3878 ¹ad
519 3823 695 3879 Paroclrinn
721 3823 776 3877 sim
801 3832 1018 3878 revocaturus.¹
1043 3825 1090 3878 Sic
1115 3836 1144 3880 te

92 3921 230 3976 Christus
255 3919 345 3972 domo
368 3915 558 3971 Nordlrnsiae
576 3923 695 3983 augeat,
720 3906 789 3965 durn
813 3915 862 3966 tua
887 3910 937 3967 hic
963 3911 1090 3968 fruimur
1115 3915 1143 3970 in

92 4011 305 4066 necessitatem
329 4007 421 4060 istam.
456 4005 605 4059 Brnnonis
628 4003 719 4057 nostri
740 4002 844 4055 liliolus
868 4001 958 4056 hodie
976 4003 1027 4058 virt
1044 4007 1141 4076 vivet,

91 4101 137 4155 sio
154 4098 288 4167 agonizat
306 4095 399 4150 iiiluns
416 4094 552 4166 pupillus.
587 4093 658 4146 Vale
675 4093 704 4145 in
722 4089 853 4145 Christo.
878 4137 881 4140 ,
