2558 5048
197 315 258 386 att
676 320 766 390 1527.

194 476 316 532 infirmis
334 488 383 534 aut
398 478 515 536 medico
532 490 580 535 aut
598 481 762 553 Capelianis
784 478 910 551 negotii,
935 492 1043 550 magno
1067 480 1172 551 signo,
1193 495 1237 550 pe.

194 568 271 622 stem
285 569 420 625 desiisse.
455 571 568 636 Saluta,
592 588 720 648 quaeso,
745 570 913 627 honorifice
935 571 1090 641 hospitem
1114 579 1194 623 tumn
1213 577 1238 624 et

191 673 292 711 meum
311 658 512 728 Michaelem,
535 659 563 726 ⁴)
580 663 628 715 cui
646 678 706 716 non
724 661 838 728 eredis,
856 670 967 731 quanto
984 659 1091 729 gaudio
1108 658 1237 727 gratuler,

190 748 330 802 donatum
348 766 431 818 esse,
447 761 480 805 ut
496 752 590 806 verbo
606 753 717 807 faveat:
735 751 872 806 Christus
890 740 995 819 augeat
1005 760 1035 805 et
1046 748 1178 821 perficiat
1187 748 1239 803 hoe

191 836 302 891 donum
319 854 407 893 suum
425 838 454 893 in
470 839 521 894 illo
539 840 574 895 ad
591 841 716 910 gloriam
733 855 833 908 suam,
857 840 967 894 Amen.

254 966 360 1022 Dicito
377 984 516 1041 quoque,
535 970 683 1039 cogitasse
700 969 820 1042 quidem
837 985 885 1023 me
903 967 1037 1024 scribere
1052 966 1138 1023 Daci
1150 964 1239 1024 Geor.

185 1056 234 1125 gio
252 1058 468 1129 compassionis
485 1058 601 1127 literas,
620 1059 701 1130 qiaod
720 1057 921 1128 indignissime
938 1057 1069 1123 ferrem,
1099 1054 1240 1129 Principis
1267 1086 1270 1117 ;

185 1147 230 1201 sui
247 1147 368 1202 nomine
386 1158 443 1203 tam
467 1148 650 1219 impudenter
673 1147 783 1202 abrasus
808 1163 880 1214 eos,
907 1147 959 1219 qui
982 1145 1039 1200 sub
1065 1161 1120 1201 sua
1142 1144 1246 1217 tartabra¹
1278 1143 1279 1152 ’

188 1326 341 1381 communi
358 1327 496 1381 Saxoniei
512 1326 641 1381 nominis
657 1326 767 1382 honori
784 1339 814 1381 et
830 1325 930 1397 generi
955 1341 1076 1401 parsum
1103 1332 1237 1395 oportuit.

186 1413 298 1486 Neque
310 1415 388 1469 enim
405 1416 556 1484 delector,
575 1415 629 1472 sed
645 1417 789 1486 detestor,
809 1416 1246 1491 etiamhostistnei,1’dneipit'

187 1521 297 1559 nomen
313 1516 372 1559 tam
390 1505 512 1576 turpiter
527 1516 558 1560 et
574 1505 661 1561 foede
680 1505 871 1579 conspurcari
889 1504 1046 1575 ignominia
1061 1498 1237 1579 sempiterna

188 1593 273 1649 istius
286 1594 483 1662 praefationis.
495 1593 539 1661 ⁴⁹)
565 1594 622 1649 Sed
635 1593 764 1650 Emsero
777 1594 911 1650 extincto
919 1633 929 1662 ,
946 1606 1008 1650 tum
1020 1595 1088 1667 ipsc
1098 1593 1235 1667 Principe

189 1683 322 1754 Georgia
339 1692 526 1753 aegrotante,
548 1693 631 1740 muto
649 1684 815 1739 consilium.
915 1738 919 1744 ,
957 1728 962 1735 .

258 1812 431 1883 Capelianus
451 1809 606 1871 ,iohannes
633 1829 790 1869 secessum
814 1832 830 1869 e
856 1815 947 1869 domo
973 1821 1021 1870 tua
1043 1813 1183 1884 molitor,
1205 1826 1236 1868 ae

190 1903 317 1959 reditum
333 1904 362 1958 in
379 1902 569 1958 Paroehiam.
602 1893 788 1960 Pomeranus
807 1920 878 1959 suae
894 1904 1001 1960 uxoris
1011 1904 1098 1985 gpud
1113 1920 1162 1959 me
1178 1919 1236 1977 par.

189 2004 252 2048 tum
279 1993 455 2065 expectabit.
498 1993 703 2050 Revertantur
727 1994 865 2066 paulatim
892 1994 1064 2063 studentes,
1092 1994 1236 2066 cumipse

190 2084 233 2140 D.
251 2085 450 2156 Hieronymus
467 2082 503 2137 ad
519 2083 810 2163 Natalia-adventum
834 2095 936 2156 parat,
960 2084 985 2139 si
1009 2085 1115 2154 stabit,
1138 2092 1171 2141 ut
1190 2092 1238 2140 ttrt

190 2174 294 2245 modo,
306 2175 414 2246 pestis:
433 2172 570 2228 Christus
582 2185 743 2243 congreget
754 2189 810 2228 noa
825 2162 852 2227 in
865 2190 968 2241 unum,
984 2175 1091 2228 Amen.
1117 2162 1236 2245 Nuptiis

194 2265 269 2334 apud
287 2280 344 2318 nos
361 2274 444 2318 certe
460 2262 669 2320 crebrescunt:
696 2263 725 2317 in
750 2261 921 2318 suburbano
938 2263 1129 2318 Piscatorum
1154 2276 1236 2337 prere

194 2353 328 2407 bimestri
344 2353 415 2407 nihil
432 2352 468 2407 de
486 2361 568 2423 peste
581 2362 630 2407 atat
639 2354 737 2407 morte
749 2353 879 2408 auditum
893 2360 948 2407 est.
982 2352 1136 2409 Dominus
1147 2356 1237 2408 cerret

197 2458 231 2495 ae
258 2441 358 2495 reddat
380 2450 408 2495 te
432 2439 520 2496 nobis
544 2456 614 2494 eum
636 2441 774 2495 omnibus
798 2441 857 2496 tuis
880 2440 983 2510 brevi,
1010 2440 1120 2512 Amen.
1152 2439 1237 2497 Satan

197 2530 269 2583 mihi
285 2527 441 2583 Justulum
466 2539 497 2584 et
518 2539 643 2583 matrem
667 2529 749 2597 eius,
776 2530 824 2584 eui
850 2527 962 2584 scribo.
998 2526 1101 2586 Gratia
1117 2528 1178 2585 Dei
1192 2542 1248 2592 ro·⁵

198 2619 335 2686 biscum,
356 2624 461 2672 Arnen.
497 2623 536 2671 to.
555 2616 753 2687 DecembriS,
775 2618 973 2674 MDXXVII.
1030 2692 1033 2697 η

821 2749 874 2803 ἸΤ.
891 2748 1037 2805 Martinus
1057 2748 1212 2805 Lutherut.

266 2911 360 2984 Apud
372 2929 427 2968 nos
445 2913 521 2967 fama
538 2921 600 2980 est,
618 2913 774 2968 Caesarem
793 2929 862 2965 cum
879 2911 959 2982 Papa
982 2921 1011 2965 et
1029 2910 1119 2967 Gailo
1144 2910 1172 2966 in
1187 2923 1245 2979 grt-⁴

201 3005 269 3060 tiam
289 3005 428 3068 rediisse,
445 3019 501 3073 qua
519 3012 549 3056 et
565 3004 678 3071 Anglus
695 3014 725 3055 et
741 3003 847 3056 Veneti
866 3001 975 3069 inciudi
992 3010 1141 3071 putantur.
1173 3000 1250 3064 Tur-⁴

202 3110 268 3148 cam
280 3110 354 3148 vero
368 3095 526 3146 maximam
541 3093 761 3162 expeditionem
780 3107 892 3160 parare,
911 3091 1068 3157 incertum,
1081 3107 1117 3145 an
1131 3090 1160 3143 in
1170 3092 1239 3157 Apu.

202 3185 270 3238 liam
288 3183 334 3236 vel
352 3182 544 3250 ilungariam:
563 3183 586 3235 si
604 3182 632 3235 in
650 3181 845 3249 Hungariam,
865 3191 946 3234 certe
963 3190 1044 3235 metu
1062 3179 1238 3236 Germaniam

203 3277 352 3331 concutiet
370 3286 399 3329 et
418 3275 631 3330 Ferdinandunt
650 3273 768 3342 fugabit.

251 3781 274 3823 ⁸)
293 3776 501 3827 manturanum.
547 3733 549 3736 Ι
576 3776 612 3824 “t
630 3769 692 3822 tciri
706 3753 904 3822 tritettsrm'uut
918 3769 959 3818 tat
973 3769 1010 3816 tre
1024 3767 1234 3821 enteetonunn
1271 3790 1276 3805 ·

201 3851 287 3900 tentant
305 3847 434 3903 »sentiente
453 3843 614 3895 uiritantem
632 3843 717 3901 parton
736 3843 827 3895 metent
846 3850 898 3888 tom
917 3847 935 3888 t.
949 3843 1008 3896 etun.
1027 3845 1083 3891 1527.
1103 3845 1143 3892 brt
1155 3838 1234 3889 {Bata
1271 3868 1274 3873 -

201 3921 264 3966 xlx.
275 3922 334 3971 sta,
348 3928 384 3967 tao
392 3919 445 3966 nter
454 3918 562 3971 stistte
570 3918 620 3966 152³
629 3919 754 3969 canentem
764 3916 799 3968 it.
818 3916 875 3970 esni.
883 3914 1035 3962 sectentur!
1042 3915 1068 3962 L.
1076 3916 1093 3962 t.
1103 3917 1123 3969 t.
1132 3910 1231 3962 cxxvii.

202 3994 254 4039 add.
269 3993 286 4039 1.
300 3992 324 4040 b.
978 4012 985 4019 ·

65 4320 199 4432 ἢ
