2558 4726
559 313 669 417 ists„
879 297 884 309 ’
1069 298 1133 398 ‘sts

70 490 77 507 '
137 485 256 559 usust
272 486 380 562 tlrtnu
397 486 522 550 dulttat
536 480 686 555 masten
703 482 808 550 autu
822 476 954 560 etuas„
972 493 1024 551 m
1041 486 1134 561 pm,

68 575 155 652 itata
173 579 252 646 tunt
268 581 332 649 eud
348 581 405 646 liu
422 578 552 640 tanuen.

141 685 200 749 ele
226 684 304 752 lenna
328 684 385 749 ltu
408 678 457 744 ull
478 685 585 745 estun
610 684 662 747 uit
685 678 954 750 &duttlltludtm
978 681 1007 751 ⁸)
1033 676 1135 769 sedula

69 775 161 847 ulcu
178 772 225 846 ld
241 779 288 844 ltu
305 773 411 847 luditis
426 773 546 850 selenus
564 775 642 834 ltus
661 770 738 841 lautu
755 775 815 835 alut
833 776 893 834 usu
910 783 978 846 tutu
989 771 1134 845 celuim.

111 1155 330 1221 uectatus
877 1118 1135 1216 tannacumv

410 1305 459 1379 llu
487 1302 580 1390 (lul.
610 1307 809 1391 utulenta.

305 1465 331 1516 ll·
343 1463 437 1518 (ὠνήν
449 1464 542 1518 lulltllt
555 1474 586 1513 au
599 1466 844 1521 “tantustantus
856 1464 908 1514 tal.

245 1706 527 1765 manducaturi.
552 1705 653 1760 acuatu
666 1708 707 1759 ltu
720 1706 815 1758 walth
827 1706 902 1753 nvn.
915 1707 974 1756 2373.

79 1843 231 1944 Gratiam
252 1898 283 1944 et
303 1905 410 1962 pacem
435 1888 466 1944 in
491 1887 624 1945 Christo.
667 1886 794 1945 Reversi
825 1903 865 1943 cx
889 1888 1008 1961 synodo
1040 1894 1143 1945 nostra

79 1978 314 2051 Marburgensi,
330 1980 371 2033 mi
385 1979 444 2046 N.,
461 1978 611 2034 voluimus
629 1993 669 2032 ex
680 1978 787 2032 vicinia
803 1977 860 2032 hac
873 1979 974 2049 paucis
991 1978 1043 2033 tibi
1055 1977 1145 2048 sigui.

81 2069 176 2125 ficare
200 2078 337 2124 aventus.
371 2067 502 2140 Excepti
526 2083 632 2123 sumus
656 2066 830 2140 al’rincipe
847 2067 968 2122 Hassiae
988 2068 1145 2137 magnifice

81 2169 114 2214 et
129 2157 286 2230 splendide
303 2157 446 2230 hospitio.
481 2157 614 2212 Aderant
633 2157 900 2230 oecolampadius,
918 2157 1067 2229 cinglius,
1086 2158 1148 2213 ssu.

83 2265 196 2319 cerus,
219 2249 334 2316 Redin,
358 2265 429 2304 cum
455 2247 550 2304 tribus
576 2249 770 2304 summaulms
793 2249 883 2316 viris,
907 2250 1028 2305 Jacobs
1046 2251 1148 2306 sturm

83 2338 325 2409 strasburgensi,
350 2337 478 2393 Ulricho
501 2336 584 2392 Funh
605 2336 769 2405 Tigurensi
795 2347 827 2392 et
843 2338 899 2392 allo
917 2336 1083 2396 Basiliensi.
1101 2336 1148 2406 l¹⁴)

83 2426 172 2485 Ultra
187 2427 313 2482 modum
336 2441 441 2482 omnes
457 2441 563 2500 pacem
579 2424 734 2481 humiliter
756 2438 907 2496 rogarunt.
940 2428 1070 2485 Duobus
1088 2429 1150 2485 die.
1261 2474 1265 2483 .

84 2517 145 2574 bus
159 2517 355 2573 contudimus:
374 2533 429 2587 ego
447 2515 566 2588 utrique
580 2514 812 2587 oecolampadio
828 2526 857 2571 et
870 2517 983 2588 cinglio
997 2520 1150 2592 respondi,

85 2618 117 2664 et
134 2607 263 2680 opposui
279 2606 363 2661 hunc
379 2606 495 2660 locum:
521 2605 592 2659 Hoc
617 2610 664 2658 est
681 2620 799 2676 corpus
815 2622 928 2664 meum.
962 2609 1074 2666 Cuncta
1094 2610 1150 2666 ob.

79 2699 167 2772 jecta
179 2697 338 2753 centauri.
371 2695 472 2751 Pridie
489 2705 586 2749 tamen
599 2694 734 2765 privatim
751 2712 807 2766 ego
819 2713 889 2753 cum
902 2698 1148 2774 oecolampadio‚

86 2788 247 2860 Philippus
265 2801 335 2841 cum
352 2783 468 2855 Cinglio
492 2784 623 2838 suaviter
645 2785 877 2855 contuleramus.
912 2787 1037 2843 Interim
1061 2790 1167 2846 adue„

88 2878 189 2934 niebat
205 2887 236 2933 ct
248 2876 384 2931 Andreae
398 2873 561 2939 Osiander,
576 2873 713 2928 Joannes
724 2873 864 2930 Brentius
882 2883 912 2930 el
926 2876 969 2932 D.
982 2877 1151 2951 Stephanus

90 2967 232 3040 Agricola
249 2982 289 3023 ex
307 2969 450 3034 Aargusta.
484 2963 518 3018 Iu
536 2978 672 3030 summa,
696 2956 836 3020 hemines
855 2975 925 3020 sunt
941 2967 1029 3038 inepti
1051 2971 1151 3025 etim.

89 3055 180 3132 periti
201 3056 236 3111 ad
263 3054 480 3127 disputandum.
515 3051 651 3106 Tametsi
675 3051 839 3106 sentiebant
858 3069 911 3108 sua
935 3054 1006 3109 nihil
1029 3057 1152 3112 conclu.

88 3150 182 3216 dere,
206 3145 348 3201 uolebant
369 3153 467 3197 tamen
492 3140 599 3195 cedere
625 3141 654 3193 in
671 3140 729 3192 huc
752 3157 809 3195 una
827 3153 908 3213 parte
930 3144 967 3198 de
985 3150 1152 3217 praesentia

89 3236 232 3311 corporis
245 3233 372 3301 Christi,
391 3231 480 3302 idque
498 3231 547 3299 (ut
563 3227 756 3294 arbitramur)
773 3245 855 3284 metu
874 3244 901 3286 et
918 3235 1032 3305 pudore
1044 3239 1149 3308 magis,

90 3342 183 3403 quam
198 3324 322 3381 malitia:
347 3322 376 3378 iu
393 3319 521 3387 caeteris
546 3318 684 3373 omnibus
701 3331 877 3391 cesserunt,
901 3326 1152 3394 quemadmodum

91 3408 122 3476 in
148 3414 292 3478 schedula
310 3413 374 3484 jam
398 3412 476 3465 edita
499 3407 625 3463 videbis.
668 3407 702 3462 lu
726 3407 783 3462 line
809 3424 966 3481 rogarunt,
994 3425 1023 3469 ut
1045 3418 1151 3475 saltem

91 3506 303 3572 fratruclem)
325 3515 487 3571 agnoscere
503 3498 663 3564 vellemus,
690 3497 779 3568 idque
798 3497 940 3574 Princeps
958 3504 1042 3560 valde
1064 3524 1152 3577 urge.

91 3596 158 3665 hat,
180 3593 313 3650 sednon
330 3591 425 3663 potuit
449 3587 491 3644 eis
508 3584 649 3640 concedi:
673 3583 808 3641 dedimus
833 3600 930 3646 tamen
947 3608 1052 3649 manus
1069 3598 1150 3669 pacis

92 3692 125 3745 et
139 3684 293 3751 caritatis,
318 3691 350 3734 ut
367 3679 483 3734 interim
506 3677 659 3748 quiescant
683 3690 785 3747 aspera
808 3678 917 3752 scripta
941 3692 970 3737 et
991 3685 1098 3756 verba,
1120 3699 1152 3748 et

143 3935 169 3984 a,
183 3932 232 3983 mle
245 3931 384 3985 luctaturus
396 3922 505 3981 mullldt
517 3921 615 3974 esnet-
640 3924 724 3976 alit.
732 3926 946 3999 ullututtup,
959 3906 1150 3991 mmm

94 4004 266 4058 alelluvltl.¹
305 4002 394 4058 ‘uus
406 4009 457 4051 uus
470 3999 580 4052 stutalrl
593 3997 661 4052 dun.
1035 4001 1040 4010 ·

178 4085 252 4165 ΞΜ.
274 4077 339 4149 111.
911 4090 951 4157 dd
