2558 4726
112 344 173 409 sss
261 424 265 436 ‚
586 336 678 409 rsit.

110 496 342 573 quo'probrr'es
363 502 440 562 roto
463 502 499 556 sd
523 514 636 573 corpus
654 496 781 554 sedentis
798 494 1102 569 chriso-spectare,
1121 498 1171 555 red

111 606 150 645 ex
166 591 261 663 capite
288 604 339 647 too
355 591 417 648 hoc
435 592 539 671 lingis.
561 592 638 673 sicot
662 588 901 668 neclzringlius
925 606 993 645 neo
1012 588 1171 647 Oecolrm-

8 728 12 735 ,
107 682 211 752 podius
236 682 361 751 probant
377 681 435 737 ulls
460 698 500 737 ex
515 679 676 752 scripturis
691 678 808 749 syllsbr
833 685 882 733 est
904 696 968 753 pro
986 678 1169 755 simod,

107 784 157 827 sut
172 788 290 845 corpus
307 790 362 843 pro
378 772 469 843 figura
484 788 634 845 corpores¹
646 770 757 843 recipi,
782 770 836 825 sed
857 778 890 825 et
911 768 974 841 ipsi
992 770 1066 827 tulis
1082 786 1101 823 e
1115 782 1167 825 roo

109 862 205 931 capite
229 862 351 931 lingunt.
383 862 460 918 Cum
482 860 569 931 igitur
589 858 722 917 hic-vos
739 860 833 933 pslsrn
854 870 1021 915 sonamus
1047 858 1165 915 retem

108 950 277 1007 arbitrarius
290 942 469 1017 verborum,
486 954 589 1005 contu
605 964 693 1003 nsum
706 960 740 1005 et
749 960 884 1003 naturum
900 947 1046 1003 omnium
1061 948 1165 1019 lingue.

108 1056 193 1109 rum,
216 1026 414 1115 possumusne
438 1040 564 1095 moveri·
577 1038 606 1095 in
622 1048 753 1094 vestrsm
778 1036 981 1095 sententium?
1007 1036 1078 1095 Imc
1094 1054 1163 1111 qno.

106 1134 199 1189 modo
216 1148 272 1187 vos
290 1148 351 1199 non
367 1142 471 1185 movet
486 1128 687 1199 conscientie,
705 1144 781 1201 quse
798 1126 939 1185 eculeum
951 1128 1044 1185 hunc
1060 1126 1162 1197 mlii,

107 1232 138 1277 et
154 1222 292 1285 icclsmst
308 1236 365 1275 vos
382 1220 501 1287 dicens,
517 1218 608 1275 verbs
624 1218 671 1275 sic
685 1227 812 1287 sonant,
829 1228 860 1273 et
874 1230 934 1275 vos
946 1232 1015 1273 non
1031 1216 1160 1291 probetis

107 1310 191 1365 sliter
207 1310 299 1382 accipi
317 1310 446 1365 debere?
465 1309 544 1364 Nam
561 1318 591 1364 et
607 1308 711 1365 demus
726 1325 781 1380 per
797 1306 1008 1380 impossibile,
1025 1324 1086 1365 vos
1101 1324 1159 1365 ren

108 1400 329 1467 demonstrare,
354 1398 470 1453 scilicet
485 1412 593 1470 corpus
613 1396 723 1453 Christi
739 1414 802 1453 non
817 1396 878 1451 dsri
901 1396 931 1451 in
948 1412 1069 1467 coeris,
1093 1394 1158 1471 qnid

108 1486 244 1555 iacietis,
260 1504 332 1543 cum
343 1486 613 1553 conscientislrsec
628 1486 719 1543 verbs
736 1486 876 1559 opponit:
892 1486 966 1543 Hoc
983 1494 1034 1543 ert
1045 1502 1157 1559 eorpus

107 1582 234 1633 mrum?
257 1577 353 1633 Aliter
367 1578 536 1649 accipienda
548 1588 640 1645 sunt3
657 1576 794 1649 inqiries?
818 1576 1008 1651 Quomodo?
1022 1578 1084 1633 Hic
1099 1592 1157 1633 oro-
1197 1596 1199 1605 ·

108 1682 163 1723 nes
180 1654 318 1737 cogimini
335 1666 563 1743 obmutescere,
586 1664 655 1721 o'om
670 1682 768 1739 neque
788 1676 820 1721 tu
835 1666 946 1737 probeo
961 1676 1052 1721 tuum
1067 1666 1155 1735 ηῦη,

108 1756 227 1812 necilli
250 1772 337 1811 suum
353 1756 521 1830 siqnificot
543 1740 594 1811 t'ut
610 1754 740 1825 figuram.
772 1754 812 1811 Et
835 1760 880 1813 sic
902 1770 1032 1833 prorsus
1048 1756 1155 1815 nullm

109 1855 227 1901 textum
246 1846 333 1911 nobis
357 1844 539 1916 relinquitis,
553 1844 630 1917 -quis
646 1844 717 1901 nillil
741 1844 818 1901 eliud
842 1844 1047 1915 concluditis,
1073 1860 1154 1919 qum

109 1936 200 2013 verbs
218 1952 286 1991 esse
303 1934 389 1989 aliter
403 1926 588 2006 accipiendo,
614 1950 703 2005 quem
719 1944 833 1991 sonant.
868 1934 1037 2009 Quomodo
1063 1946 1153 1991 roten

111 2023 170 2079 sint
192 2023 382 2096 accipienda,
404 2040 529 2095 prorsus
551 2026 652 2081 dicere
669 2041 729 2081 non
744 2023 890 2097 potestis,
914 2038 1006 2097 etque
1026 2014 1074 2081 sio
1089 2040 1154 2085 oon·

107 2115 250 2171 scientiae
266 2117 428 2169 clamorem
445 2116 588 2180 transitis,
605 2132 682 2189 quse
698 2115 816 2184 verbis,
840 2126 874 2171 ut
890 2126 1018 2185 sonent,
1039 2116 1153 2173 morde·

111 2214 180 2274 tur,
205 2220 275 2259 curn
299 2220 451 2277 nunquam
474 2223 508 2260 es
533 2204 614 2261 aliter
640 2205 733 2277 sccipi
758 2205 896 2273 audierit,
924 2220 1018 2277 qoem
1041 2214 1152 2263 mmo

113 2294 218 2368 Qualis
234 2306 331 2351 sutem
347 2296 386 2350 sit
402 2294 450 2350 ille
462 2295 601 2366 spiritns,
618 2296 669 2367 qui
687 2292 785 2351 solum
798 2294 872 2351 hoec
891 2294 994 2361 efficit,
1009 2304 1045 2352 ut
1059 2296 1152 2353 nullus

112 2395 214 2438 textus
238 2386 275 2437 sit
299 2385 329 2437 in
355 2400 448 2438 coena
473 2385 614 2452 Domini,
642 2385 746 2439 deinde
769 2385 854 2439 aliter
875 2385 1045 2456 accipienda
1070 2384 1152 2441 verbs

112 2490 202 2545 qusm
219 2474 510 2538 sonent,.contendit
527 2486 629 2529 contro
646 2476 777 2529 omnium
794 2474 958 2544 linguarum
974 2492 1082 2543 usum,
1102 2492 1152 2531 nec

112 2564 175 2618 vult
191 2581 247 2619 nec
263 2568 363 2635 potest
382 2565 527 2635 probare,
551 2564 579 2618 id
605 2565 702 2635 ipsum
727 2564 811 2619 facile
837 2575 883 2621 est
902 2564 1049 2635 judicare.
1083 2566 1152 2621 cun

113 2653 202 2722 igitur
218 2670 362 2724 perverso
386 2654 488 2707 ordine
508 2671 564 2708 vos
586 2654 765 2719 transilistis,
791 2654 860 2726 quid
882 2654 1028 2723 nominis,
1053 2654 1151 2709 deinde

114 2742 183 2813 quid
202 2743 261 2807 rei,
284 2743 346 2796 sive
364 2742 434 2813 quid
451 2742 579 2798 nominis
597 2744 758 2813 quaeratis,
780 2754 891 2799 stamus
912 2754 1018 2798 contra
1033 2758 1092 2801 vos
1115 2743 1152 2798 in.

112 2833 184 2887 victi
194 2873 203 2901 ,
222 2833 373 2900 dicentes,
395 2831 487 2886 verbs
505 2836 548 2887 sic
566 2843 688 2898 sonant,
708 2850 765 2887 nec
780 2833 925 2887 contrarie
943 2843 993 2888 sut
1010 2834 1096 2889 aliter
1110 2850 1152 2887 sc.

113 2922 246 2993 cipiends
268 2938 333 2977 esse.
350 2922 407 2975 ulls
424 2921 533 2990 syllsbs
550 2922 697 2993 probetis,
721 2922 780 2975 imo
797 2921 971 2976 contemtim
991 2922 1151 2978 transilitis:

112 3012 179 3067 ideo
197 3016 313 3066 certllm
331 3020 394 3076 eso,
415 3026 471 3065 vos
497 3027 604 3064 errare.
636 3010 818 3065 Praesertim
845 3010 873 3065 in
889 3011 982 3066 escrit
997 3011 1092 3067 literis
1108 3029 1153 3066 ne.

112 3118 199 3156 cesse
216 3111 278 3168 est,
296 3100 365 3172 quid
380 3098 510 3154 nominitl
526 3099 653 3172 primum
675 3111 704 3153 et
721 3100 921 3155 certissimum
937 3099 1067 3169 habere,
1091 3100 1153 3174 quir

110 3192 147 3247 de
165 3191 255 3246 rebus
273 3189 429 3259 incognitis
447 3198 476 3244 et
493 3203 605 3244 tantum
621 3190 677 3244 fide
693 3191 842 3262 perceptis
860 3190 964 3260 agitur.

175 3330 266 3386 Nunc
280 3330 314 3384 sd
332 3340 413 3384 tuum
432 3345 605 3399 perversum
618 3328 750 3383 ordinem
763 3328 863 3395 venio,
880 3346 951 3400 quo,
969 3331 1153 3395 contemtol)

103 3412 184 3493 ¹quid
202 3420 344 3484 nominis,
367 3419 453 3472 sudas
472 3419 499 3472 in
518 3418 588 3489 quid
607 3418 658 3471 rei.
692 3420 738 3471 Ac
755 3419 883 3488 primum
900 3419 983 3473 valde
1001 3420 1111 3476 vellem
1127 3431 1153 3476 le

106 3512 251 3573 ¹omisisse
270 3508 410 3581 plurima,
436 3526 510 3581 quse
536 3508 647 3578 absque
664 3507 751 3561 dubio
771 3524 818 3562 me
841 3508 891 3562 tibi
908 3522 969 3563 non
987 3511 1155 3567 concedere

111 3600 208 3666 nosti,
232 3618 269 3653 ne
287 3612 402 3671 tempus
427 3612 456 3653 et
472 3598 562 3651 verba
580 3597 702 3668 perdere
728 3614 803 3669 opus
829 3608 918 3653 esset.
952 3600 1009 3653 Sed
1036 3602 1105 3673 quis
1128 3602 1156 3656 id

111 3690 185 3745 forte
202 3708 261 3746 non
278 3700 382 3760 potes,
399 3688 553 3755 novellus,
572 3698 601 3741 ut
619 3687 720 3755 video,
745 3688 848 3743 rhetor
866 3705 904 3743 ex
920 3689 1028 3744 libellis
1047 3692 1157 3765 absque

113 3792 304 3853 praeceptore
323 3783 434 3846 taetris,
452 3778 618 3833 donandum
637 3789 682 3833 est
698 3778 759 3832 hoc
776 3778 826 3834 tibi
844 3790 873 3834 et
891 3780 1058 3837 ferendum.

111 3922 633 3939 *μ

99 4060 104 4068 ,
163 4018 183 4067 l)
197 4012 293 4059 Auris.
311 4014 442 4059 contemtu.
