2558 5048
189 319 248 387 156
657 323 755 394 mi.
819 344 825 355 ¹

189 436 334 536 Gratiam
351 488 381 537 et
397 497 511 553 paoem.
545 481 630 540 Nihil
647 485 716 540 novi
742 492 788 540 est
811 483 892 554 quod
915 483 950 539 art
974 491 1004 539 te
1028 482 1173 550 scribam,
1198 482 1242 536 mi

185 569 382 627 Wenceslas':
410 581 440 626 et
461 575 532 646 quid
555 591 611 629 nos
629 588 748 630 vermos
766 575 794 629 in
812 574 874 628 hoc
893 573 960 629 culo
976 574 1077 628 mundi
1093 574 1241 628 latitantes

187 661 223 733 ad
235 677 296 739 ¹vos
314 662 531 733 scriberemus,
555 665 606 736 qui
624 666 653 720 in
668 665 779 721 vertice
799 665 901 720 mundi
924 664 1053 733 sedetis,
1079 673 1110 721 ct
1132 664 1240 719 faciem

186 752 287 806 muudi
311 769 417 825 coram·
436 753 551 829 vidctis,
566 762 596 809 et
615 755 741 812 auditis?
775 755 803 809 Α
827 753 915 809 vobis
941 753 1040 824 potius
1065 751 1239 809 hominibus

187 857 221 893 re
239 850 269 894 et
285 841 384 894 auditu
402 842 539 896 divitibus
556 859 613 897 nos
629 843 730 897 miseri
752 851 781 896 ot
803 843 909 911 inopes
932 843 1069 912 accipere
1095 841 1238 896 debemus

188 929 306 996 lucem,
324 941 352 983 et
369 946 445 1001 quae
461 941 529 985 sunt
546 930 619 985 lucis
635 931 666 985 in
684 930 746 987 hoc
761 931 882 985 mundo.
916 930 1023 986 Scribit
1045 929 1118 984 miti
1142 939 1239 985 tamen

187 1016 335 1074 Nicolaus
354 1020 537 1088 Ambsdorf,
563 1020 783 1107 lllagdeburgae
806 1030 897 1075 nocte
923 1019 1161 1076 circumcisionis
1184 1020 1241 1095 sub

187 1109 338 1164 matutinis
355 1109 384 1163 in
400 1124 518 1164 summo
536 1109 648 1181 templo
666 1125 769 1165 omnes
787 1109 923 1164 candelas
940 1119 970 1164 et
981 1108 1129 1182 lampadas
1140 1109 1238 1165 subito

188 1198 335 1254 extinctas
352 1214 438 1266 esse,
463 1206 587 1269 excepta
604 1214 661 1252 una
685 1214 786 1253 coram
809 1199 1007 1253 sacramento.
1042 1199 1115 1253 Sunt
1141 1208 1239 1254 autem

188 1288 274 1343 valde
287 1289 418 1353 multae,
435 1288 604 1358 praesertim
617 1304 692 1360 quae
709 1270 765 1342 suli
782 1287 879 1343 officio
896 1287 1116 1356 accenduntur,
1133 1290 1237 1344 deinde

188 1388 232 1431 tot
248 1378 343 1447 anguli
360 1376 537 1448 capellarum
554 1376 662 1443 abditi,
687 1389 720 1433 ut
737 1377 919 1449 impossibile
936 1378 976 1434 sit
990 1391 1079 1432 vento
1097 1378 1158 1444 (cui
1176 1394 1238 1435 uon

187 1478 268 1539 patet
285 1467 351 1522 istic
368 1469 524 1532 accessus)
544 1467 683 1537 extingui.
720 1467 952 1538 Interpretantur
968 1468 1086 1539 quidam
1100 1469 1238 1541 portandi

189 1556 303 1611 obitum
321 1554 559 1623 Canonicotum,
586 1554 628 1609 sic
645 1565 674 1610 et
690 1566 774 1610 antea
791 1557 901 1610 factum
918 1557 1017 1626 aJunt,
1042 1556 1077 1610 ut'
1091 1556 1239 1612 morituro

187 1644 343 1715 Episcopo
358 1642 489 1720 Ernesto
505 1643 602 1712 major
618 1642 739 1698 candela
763 1643 905 1698 ceciderit
928 1644 1056 1699 extincta
1078 1654 1110 1699 et
1130 1647 1236 1714 fracta,

189 1733 333 1803 aliamque
346 1732 451 1802 jacens
468 1731 654 1786 ambusserit.
688 1731 775 1786 Deus
800 1731 915 1787 viderit.
949 1733 1033 1802 Signa
1054 1733 1143 1787 multa
1167 1734 1240 1788 liunt

188 1841 248 1878 non
264 1822 344 1878 irrita
366 1823 472 1877 futura.
504 1820 572 1890 Ego
589 1821 618 1875 in
636 1821 880 1876 Sacramentarios
904 1838 1008 1878 rursus
1031 1823 1158 1893 prodeo:
1184 1841 1238 1881 ora

187 1931 244 1986 pro
268 1929 335 1980 me,
360 1920 393 1967 ut
414 1912 486 1966 felix
511 1910 550 1966 sit
574 1910 645 1964 mihi
662 1910 798 1967 Christus
821 1911 850 1966 in
872 1926 924 1966 sua
941 1926 1039 1966 carisa.
1072 1912 1188 1967 Semina
1205 1914 1236 1968 in

187 1989 310 2056 hortum
335 2010 464 2072 expecto
490 1998 526 2053 ad
552 1999 680 2053 futurum
704 1998 931 2070 aequinoctium.
965 1999 1037 2054 Vale
1054 2016 1123 2055 cum
1139 2010 1188 2057 tua
1205 2012 1236 2058 et

189 2091 326 2146 omnibus
344 2090 373 2144 in
390 2087 536 2145 Domino.
570 2091 613 2142 23.
628 2088 779 2156 Januarii,
795 2085 991 2147 MDXXVII.

869 2182 1018 2250 Martinus
1038 2192 1201 2252 Lutherus.

222 2565 263 2623 29.
281 2528 457 2630 llattuarss⁸
896 2557 949 2614 ΝΟ.
967 2557 1200 2617 DocchvIt.

507 2729 554 2796 ltu
577 2727 688 2796 saut.
711 2727 917 2796 sociatu-t.

220 2900 245 2950 t.
260 2900 300 2950 toll
315 2901 388 2953 ιἰἱιιιιι
402 2900 530 2952 utilitatum
544 2901 661 2947 (ιῦοιιιιιιι
674 2890 782 2950 uratuttrn
796 2900 841 2945 utu
855 2897 894 2947 rint
908 2898 1027 2945 aututino
1041 2899 1081 2947 trin
1095 2899 1196 2952 iratum.

417 2975 475 3027 939¹·
489 2974 533 3023 Qu.
547 2980 569 3021 a.
582 2976 615 3020 zu
628 2975 689 3022 stau
703 2975 760 3020 153⁶.
784 2973 830 3021 No.
844 2972 998 3018 Decem

635 3133 775 3147 m

263 3254 314 3303 ttnt
327 3256 365 3303 tra
378 3253 587 3306 sacraturum
601 3255 747 3309 sannarum
761 3263 786 3307 tu
799 3255 888 3309 satana
901 3254 942 3307 ltu
955 3254 1063 3313 suita
1076 3253 1104 3301 Η.
1118 3256 1150 3302 77.

186 3389 263 3504 Ego
282 3453 354 3490 vero
370 3436 505 3503 mallem,
531 3435 570 3489 mi
590 3435 734 3504 Corone,
760 3446 898 3506 utquam
918 3435 1044 3507 primum
1062 3432 1128 3488 illos
1146 3433 1233 3486 relin.

187 3543 295 3597 queres
315 3526 422 3580 Christi
440 3526 623 3580 adversarios
641 3536 668 3579 et
686 3527 720 3578 atl
739 3524 818 3579 illurn
837 3537 865 3579 to
885 3542 1097 3595 promoveres,
1118 3525 1231 3593 dequo

186 3615 310 3690 scripsi,
335 3615 463 3670 inaximo
487 3632 558 3669 curn
583 3617 625 3669 sio
648 3615 775 3669 habeant
793 3616 890 3669 omnia
916 3630 1033 3685 tecum,
1060 3626 1092 3669 ut
1115 3614 1232 3668 scribis.

186 3706 297 3758 venam
321 3715 417 3760 tamen
441 3722 478 3760 ne
501 3705 636 3777 laqueum
661 3705 711 3759 tibi
736 3704 880 3775 injiciam,
905 3722 1002 3776 neque
1024 3706 1233 3760 necessitatem

186 3795 350 3864 imponam,
376 3793 503 3848 liberum
528 3809 595 3848 esse
615 3793 665 3847 tibi
682 3793 753 3847 volo
773 3804 889 3864 tempus
905 3794 1050 3847 veniendi.
1088 3793 1140 3848 isti
1159 3794 1235 3846 lasti.

186 3884 265 3937 dium
283 3885 322 3938 tui
340 3884 466 3950 habent,
482 3883 539 3937 illic
556 3900 630 3937 vero
647 3883 841 3954 exspectaris.
876 3883 1024 3956 Quicquid
1037 3897 1065 3935 ιιι
1078 3884 1232 3951 statuaria,

186 3974 246 4028 hoo
272 3986 366 4027 ratum
390 3981 454 4029 esto
482 3983 510 4028 et
535 3984 629 4027 tutum
652 3971 927 4044 apud'Dominutn.
958 3971 1049 4028 Plura
1065 3973 1156 4028 modo
1173 3990 1235 4028 non
