2558 4726
417 356 423 371 ,
558 295 648 362 1526.
1051 291 1128 360 ’353

71 453 237 508 cionatore·
271 451 407 508 Alterum
420 449 505 506 etiarn
517 452 660 524 prodest,
675 467 738 507 non
747 451 833 508 nimis
844 451 950 509 multas
963 433 1127 508 conciones

69 543 150 600 lieri.
185 543 282 597 Audio
299 556 361 597 tres
379 543 542 613 conciones
565 543 595 597 in
614 543 812 612 Regiomoute
830 544 952 613 singuiis
969 541 1127 597 dominicis

69 633 150 689 lieri.
185 631 266 709 Quid
284 646 359 703 opus
378 633 444 687 est?
462 633 535 686 duae
553 633 624 687 satis
642 643 741 700 erant,
764 644 794 686 et
810 649 864 703 per
881 640 974 689 totam
990 632 1140 704 septima·

69 740 144 779 nam
161 722 235 776 duae
256 733 306 776 aut
323 734 394 777 tres.
429 720 464 776 ln
488 721 534 775 illa
550 723 636 794 copia
659 721 777 793 obrepit
796 722 911 777 satietas
929 724 1052 794 populo.
1086 723 1129 779 Sit

71 815 165 884 igitur
174 812 281 866 modus
298 813 436 883 quidam,
452 827 490 866 ne
501 813 588 867 nimis
606 813 695 867 etiam
712 824 873 866 onerentur
888 812 1130 880 concionatores,
1176 847 1177 850 =

72 913 105 957 et
122 913 154 957 ut
166 901 292 956 habeant
305 901 393 956 etiarn
406 900 512 972 aliquid
523 901 609 957 vacui
621 901 765 973 temporis
778 902 813 955 ad
827 901 1010 957 discendum.
1043 900 1130 958 Nihil

71 992 125 1061 fit,
149 1006 217 1044 cum
236 989 366 1062 quotidie
384 1002 528 1060 cogentur
546 990 737 1059 concionari,
763 990 817 1046 nisi
840 1001 872 1045 ut
895 990 1062 1045 immeditati
1080 1008 1133 1046 ve.

71 1084 158 1136 niant
175 1081 204 1134 in
220 1078 374 1152 pubiicum
391 1092 421 1133 et
439 1079 588 1147 effutiant,
612 1096 688 1151 quae
706 1082 735 1133 in
751 1080 877 1135 buccam
894 1081 1057 1136 inciderint.
1090 1079 1133 1136 Et

74 1173 102 1227 si
122 1170 193 1226 nihii
209 1170 325 1224 venerit
341 1170 370 1224 in
387 1181 537 1238 mentem,
564 1171 747 1225 transferunt
765 1185 797 1226 se
823 1170 858 1225 ad
879 1170 979 1225 locum
996 1187 1132 1227 commu.

74 1277 167 1329 nem,
184 1276 271 1331 quem
284 1276 376 1314 unum
387 1257 499 1316 habent
511 1259 647 1330 plurimi,
664 1277 771 1332 nempe
782 1260 818 1314 ad
833 1261 977 1316 convicia.
1015 1261 1135 1318 Utinam

77 1351 170 1406 Deus
185 1351 300 1404 tandem
318 1350 458 1421 respiciat
473 1365 530 1404 nos
556 1361 585 1404 et
602 1351 659 1404 det
680 1347 940 1407 concionatoribus
964 1351 1078 1407 animos
1104 1359 1136 1408 et

76 1442 194 1510 linguas
210 1439 441 1494 moderatiores!
474 1439 555 1494 Haec
576 1441 684 1512 scripsi
703 1441 833 1512 pluribus
850 1441 967 1511 verbis,
984 1453 1017 1497 ut
1033 1457 1137 1498 curam

75 1532 106 1585 in
125 1531 183 1584 hac
200 1548 233 1584 re
251 1540 332 1584 tuam
348 1529 497 1584 acuarim:
522 1531 603 1598 scio,
626 1543 656 1585 te
676 1547 743 1587 esse
760 1532 1041 1588 moderatissimum.
1075 1531 1135 1588 Sed

73 1621 126 1677 ille
144 1621 401 1690 Regiomontan'us
424 1621 620 1674 concionator
643 1621 761 1676 minime
783 1621 856 1676 mihi
874 1622 1043 1677 moderatus
1062 1616 1135 1678 -esse'

74 1713 160 1767 visus
182 1721 247 1778 est,
273 1711 422 1780 ingenium
446 1708 610 1764 vehemens
637 1721 699 1778 est,
724 1711 817 1768 oratio
840 1713 964 1782 tragica,
994 1712 1134 1784 querelae

73 1800 290 1876 acerbissimae
308 1799 344 1854 de
361 1798 522 1855 levissimis
538 1799 637 1854 rebus.
673 1800 764 1874 Quod
777 1799 828 1855 hic
845 1801 881 1855 de
899 1818 936 1857 eo
949 1802 1025 1856 male
1041 1801 1135 1860 locuti

74 1904 177 1949 essent
191 1892 274 1946 cives
292 1891 401 1963 ipsius,
419 1890 567 1959 obsecro,
584 1908 683 1946 nonne
701 1892 834 1962 oportuit
845 1891 920 1946 haec
932 1892 1131 1950 dissimulari?

74 1988 158 2052 Ages
175 1981 264 2052 igitur
280 1997 349 2045 cum
366 1997 422 2049 eo,
440 1981 485 2035 sic
499 1981 549 2035 tibi
563 1981 665 2050 decet,
683 1991 716 2035 ut
734 1982 820 2036 istam
837 1992 955 2037 naturae
972 1982 1136 2039 vehemen-
1198 2019 1203 2028 ·

76 2075 150 2128 tiam
165 2080 276 2137 mutet,
296 2080 334 2141 ,ut
348 2071 483 2125 modeste
501 2070 624 2138 doceat,
642 2080 674 2124 ut
691 2069 856 2141 patientiam
873 2083 1002 2144 praestet
1018 2071 1137 2142 dignam

79 2161 253 2232 evangelico
270 2160 404 2217 doctore.
791 2158 793 2163 ’

145 2248 241 2305 Venio
259 2248 377 2304 adalia.
404 2247 510 2304 Placet
527 2245 619 2313 mihi,
636 2246 717 2318 quod
734 2247 885 2304 accessisti
902 2248 938 2304 ad
952 2249 1137 2320 Regiomon.

77 2353 160 2406 tem,
175 2351 208 2395 ut
219 2338 388 2394 Ecclesiam
406 2338 534 2394 ordines.
569 2337 626 2392 Sed
643 2338 769 2409 primum
786 2338 847 2393 boc
863 2349 892 2394 te
910 2355 965 2395 oro
983 2358 1038 2412 per
1049 2340 1135 2396 Chri.

77 2440 171 2498 stum,
188 2446 225 2484 ne
237 2430 328 2487 muita
339 2439 449 2484 mutes.
477 2427 579 2483 Locus
592 2427 709 2482 vicinus
722 2437 768 2481 est
777 2427 1001 2501 Episcoporum
1013 2430 1132 2489 ditioni:

78 2537 143 2574 nou
171 2519 258 2588 igitur
281 2519 365 2575 ratde
388 2518 545 2572 dissimiles
570 2517 754 2572 ceremonias
785 2519 936 2574 veteribus
968 2520 1031 2576 istis
1064 2537 1134 2578 esse

75 2610 180 2664 velim.
207 2609 236 2664 Si
246 2608 350 2663 Latina
363 2606 453 2663 missa
464 2623 525 2662 non
543 2617 589 2661 est
606 2606 723 2674 abolita,
741 2624 800 2662 non
816 2607 935 2664 aboleas
953 2627 1018 2665 eam
1029 2621 1133 2669 totam.

75 2699 155 2754 Satis
181 2709 244 2768 est,
275 2696 383 2752 alicubi
407 2696 534 2751 miscere
559 2695 754 2752 Germanicas
781 2697 950 2767 cantiones,
980 2699 1056 2755 sicut
1080 2700 1134 2758 hic

76 2789 224 2856 iacimus,
241 2798 270 2842 et
287 2787 349 2842 scis
367 2802 414 2840 rne
431 2785 562 2840 voluisse
581 2784 658 2856 apud
673 2800 729 2840 vos
743 2802 864 2857 quoque
882 2799 946 2842 ante
964 2790 1132 2847 triennium.

81 2874 241 2945 Obsecro,
268 2884 410 2948 quantuni
434 2889 475 2928 ex
497 2874 648 2928 veteribus
670 2876 850 2932 ceremoniis
867 2878 987 2932 retineri
1012 2890 1131 2951 potest,

79 2968 220 3022 retineas.
254 2966 335 3040 Quid
353 2965 432 3020 enim
449 2964 568 3032 attinet,
594 2964 754 3019 schismata
778 2967 840 3020 sine
857 2969 1032 3024 necessitate
1051 2970 1131 3039 lieri,

83 3068 135 3112 aut
151 3057 303 3127 quomodo
321 3053 531 3109 excusabimus
550 3053 635 3121 Deo,
652 3069 709 3108 nos
726 3053 756 3107 in
772 3055 861 3110 rebus
879 3072 940 3111 non
954 3060 1131 3114 necessariis

76 3147 190 3202 iecisse
206 3146 387 3201 schismata?
422 3142 540 3216 Quodsi
558 3142 661 3197 Latina
679 3145 767 3198 missa
779 3145 843 3213 jam
860 3154 924 3200 ante
943 3157 988 3201 est
1004 3149 1132 3217 abolita,

77 3236 148 3290 vide
165 3246 298 3301 tanturn,
322 3245 355 3286 ut
373 3243 510 3286 servetur
532 3244 618 3302 aptus
638 3232 756 3300 quidam
781 3233 874 3301 ordo,
898 3250 958 3287 non
982 3235 1133 3295 dissimilis

77 3326 250 3394 veterihut
265 3323 446 3377 retineantur
461 3332 559 3375 vestes
586 3321 707 3374 usitatae
734 3321 763 3375 in
781 3324 883 3377 sacris.
916 3323 988 3378 Nou
1007 3342 1132 3396 possum

77 3417 162 3488 plura
180 3411 356 3480 consulere,
374 3411 440 3484 quia
453 3411 571 3476 nescio,
588 3411 638 3481 qui
651 3411 686 3464 sit
697 3420 791 3465 status
808 3411 960 3466 Ecclesiae
977 3415 1008 3469 in
1020 3416 1131 3486 Regio.

79 3516 202 3560 monte:
220 3519 317 3573 neque
334 3517 408 3556 vero
424 3510 457 3554 tu
474 3514 652 3568 magnopere
669 3513 739 3551 meo
756 3500 880 3552 consilio
898 3502 1018 3570 indiges.
1051 3505 1132 3560 Tan.

79 3605 143 3649 tum
169 3605 199 3648 te
224 3609 296 3660 oro,
320 3602 353 3646 ut
376 3607 436 3644 non
460 3590 551 3644 multa
573 3602 678 3644 noves.
713 3588 820 3644 Omnis
844 3592 960 3647 novitas
985 3606 1074 3650 nocet
1098 3596 1129 3652 in

78 3684 179 3753 vulgo.
212 3681 285 3736 Sunt
301 3681 387 3750 igitur
403 3679 546 3734 tolerandi
561 3687 681 3731 veteres
700 3677 773 3732 ritus
792 3696 826 3732 ac
843 3696 962 3748 mores,
985 3695 1129 3755 quatenus

78 3774 142 3829 sine
159 3769 418 3845 peccatotolerari
436 3768 562 3840 possint.
596 3767 694 3821 Habes
708 3782 853 3823 summam
865 3785 948 3824 meae
965 3776 1128 3833 sententiaa

79 3877 109 3921 et
125 3861 253 3920 consilii.
287 3861 374 3916 Dens
391 3860 534 3930 gubernet
551 3869 581 3913 et
599 3871 678 3912 tuam
696 3872 824 3914 mentem
844 3872 874 3916 et
891 3878 945 3916 nos
963 3881 1068 3921 omnes
1092 3868 1128 3924 ad

78 3953 236 4013 Ecclesiae
261 3951 423 4010 utilitatem.
465 3949 587 4024 Quaeso
614 3951 700 4013 etiam
725 3958 772 4018 te,
803 3961 835 4007 ut
861 3952 1030 4024 rescribas,
1050 3960 1129 4035 ¹quid

161 4047 233 4128 stt.
255 4039 318 4111 ΙΙΙ.
887 4049 929 4123 2³
