2558 4726
139 353 142 360 Δ
182 320 222 388 la
662 317 754 405 leat,

179 472 246 530 Nisi
261 473 413 537 Dominus
433 477 639 555 pmhibuerit,'
661 479 845 552 praeludium
866 477 950 535 dices
973 476 1065 537 inisse
1085 475 1229 550 delendae

180 562 356 620 Germaniae
373 566 548 623 seditionem
570 568 649 624 illam
672 579 701 624 et
725 568 848 631 caedent
872 568 1065 623 rusticoraun.
1098 565 1232 641 Proinde

178 653 257 708 aerio
274 663 303 708 te
321 671 392 724 oro,
409 665 442 710 ut
458 641 596 713 omnibus
613 657 725 712 virilius
741 657 765 724 ¹)
783 666 902 711 mamm
919 672 988 711 ores
1007 655 1126 712 Panem
1143 655 1233 716 miae,

177 743 386 813 ricordiartam,
406 756 446 800 'ut
469 746 541 802 istas
565 746 686 802 insidias
710 747 865 819 impediat,
891 756 922 801 et
946 747 1080 800 furorem
1103 746 1232 815 frangat,

176 832 352 902 praesertim
362 832 482 888 Ducem
493 832 658 905 Georgium
674 835 862 902 accusando,
877 835 1033 889 hominem
1051 838 1099 899 (ut
1109 835 1227 900 metuo)

177 921 363 992 deploratum
378 931 407 976 et
422 923 586 994 perditum,
603 933 637 978 ut
652 918 735 978 ill'um
749 925 797 979 vel
811 931 982 991 convertat,
999 923 1066 990 vel,
1084 922 1110 977 si
1124 922 1229 992 dignus

175 1027 237 1065 non
251 1020 315 1087 est²
331 1010 415 1066 tollat
430 1011 466 1067 de
482 1012 598 1087 medio:
616 1013 725 1086 alioqui
744 1013 838 1068 beatia
857 1012 903 1068 illa
920 1030 982 1068 non
999 1012 1154 1085 quiescet,
1170 1028 1231 1066 non

174 1098 269 1154 modo
283 1098 405 1172 proprio
423 1088 544 1168 uir-ore,
563 1101 617 1157 sed
634 1110 664 1155 et
680 1101 903 1174 Episcoporum
921 1101 1050 1172 impulsu
1068 1115 1161 1172 paene
1179 1101 1229 1155 Sa.

172 1198 221 1243 tan
240 1189 313 1261 ipse.
346 1187 512 1244 Lutiterum
528 1189 824 1267 autemnonocoidl,
840 1190 870 1265 id
883 1191 920 1244 ita
934 1190 1087 1244 hominem
1100 1197 1231 1262 torquet,

107 1272 110 1277 ’
173 1290 207 1333 ut
221 1289 320 1335 metus
339 1280 407 1353 ⁸ait,¹
420 1296 459 1334 ne
481 1280 531 1334 vel
552 1279 610 1335 hac
634 1280 699 1336 sola
722 1270 812 1336 aniani
835 1277 1016 1351 aegritudine
1039 1279 1231 1334 conficiatur:

172 1381 236 1424 non
252 1376 357 1441 potest
367 1360 496 1425 ddmtre
511 1360 569 1426 ne'c
586 1356 716 1445 uigilare.
740 1366 828 1425 Deua
840 1368 933 1438 bone,
951 1354 1232 1442 guantum'suetinet

178 1456 326 1529 Princeps
341 1467 460 1525 noster,
476 1453 538 1513 non
554 1459 645 1512 modo
663 1456 700 1512 ab
717 1458 800 1530 ipso,
819 1458 872 1514 aed
889 1458 976 1513 etiam
994 1474 1010 1511 a
1026 1457 1089 1512 suis
1108 1459 1236 1529 quibusa

175 1547 242 1601 dam
257 1546 437 1603 Proceribus
453 1547 645 1620 nequissimis
661 1546 831 1603 insidiarum
854 1558 882 1603 et
907 1547 1108 1620 pessimorum
1131 1549 1229 1602 consi.

171 1634 590 1695 noroensMultahaberem
618 1636 670 1692 tibi
700 1636 818 1706 dicere,
848 1652 923 1709 quae
950 1637 1043 1692 literis
1068 1652 1131 1691 nou
1157 1637 1229 1692 licet

171 1726 319 1780 mandare.
352 1724 510 1787 Praeterea
534 1725 637 1798 ripera'
661 1723 718 1779 iila¹
731 1724 844 1780 irritata
870 1726 975 1780 iterum
993 1725 1023 1780 in
1048 1741 1097 1780 me
1122 1725 1229 1782 scribit

172 1813 320 1891 Erasmus
327 1813 406 1885 Rot.
422 1813 539 1906 Quam
564 1811 721 1883 exercebit
737 1812 783 1869 ibi
801 1813 1027 1887 eloquentiam
1019 1832 1055 1873 an
1066 1815 1226 1883 sternendo

172 1874 307 1960 Lutliaro
324 1874 434 1974 gloriae
452 1904 533 1961 istud
547 1903 653 1959 animal
665 1903 885 1981 vanissimum?
890 1902 920 1973 ⁴)
953 1902 1053 1961 Porro
1065 1904 1228 1960 eruditissi-

171 2011 239 2048 mos
257 1994 397 2050 scientiae
419 1994 500 2048 viros
517 2003 621 2048 contra
638 1970 904 2064 oecolampadium
926 1994 1092 2050 acastrentee
1118 1994 1228 2063 legisse

171 2094 201 2140 ta
219 2094 306 2156 puto:
313 2085 432 2140 mirum
449 2099 539 2156 quam
554 2083 812 2154 placeatllibellat's,
844 2082 993 2156 Scripsit
983 2085 1159 2149 mecedem
1175 2085 1226 2145 Βί.·

171 2173 297 2241 libaldua
308 2173 828 2253 dilrkhaimtruaimajotteetmaimo
841 2185 876 2230 et
896 2174 1130 2246 rudimen-am
1152 2177 1227 2232 mihi

172 2264 209 2319 de
226 2262 678 2335 tantariro.pronuataaenr,:ru
694 2278 785 2339 quem
803 2259 865 2319 aliis
881 2262 1105 2335 occupatiorem
1123 2266 1229 2321 crede.

171 2353 251 2408 barn.
268 2352 403 2427 “inded
420 2360 542 2421 surgun
559 2366 677 2407 mesum
694 2351 759 2420 alii,
777 2350 935 2425 itabetquc
951 2369 985 2409 aa
1001 2356 1229 2410 sacramentaria

173 2455 254 2498 secta
264 2442 328 2513 jam
337 2480 347 2509 ,
363 2441 394 2495 ni
411 2441 514 2509 fallor,
532 2454 588 2495 sex
604 2440 700 2510 capita
716 2456 778 2495 uno
795 2456 871 2495 anno
888 2451 970 2499 nata:
989 2441 1082 2497 mirata
1093 2444 1227 2514 spiritua,

172 2533 223 2604 qui
241 2532 284 2586 sic
302 2530 452 2587 dissentiat
468 2529 547 2587 sibi·
563 2529 743 2589 ‚Carolatadii
755 2530 835 2585 Tuto
854 2531 909 2586 luit
925 2546 999 2600 una,
1015 2547 1092 2605 qnae
1104 2533 1225 2601 cecidit,

170 2621 310 2693 zuinglii
327 2629 374 2675 eat
389 2620 497 2688 altera,
522 2634 598 2690 quae
614 2617 960 2691 cadct‚=0ecolampadii
976 2621 1148 2691 Figuratum
1165 2632 1225 2676 ter.

173 2712 230 2779 tia,
255 2709 449 2782 quaa-cadetr
462 2708 583 2767 cecidit
600 2717 630 2762 et
645 2717 747 2778 quarta
764 2708 952 2778 Carolntadii,
967 2711 994 2772 ²>
1018 2727 1069 2782 qur
1085 2712 1220 2767 offensus

172 2801 288 2855 scilicet
311 2799 357 2854 sic
371 2797 462 2853 verba
484 2796 647 2868 disposuit:
674 2784 777 2872 Quod'
788 2813 854 2869 pro
877 2795 963 2853 uobis
987 2799 1150 2868 traditur,
1176 2807 1226 2856 ert

172 2906 289 2963 corpur
305 2905 416 2945 ιιωωιι.
452 2885 561 2960 Quinta
579 2887 670 2956 surgit
682 2887 745 2957 jam
764 2897 793 2943 et
807 2896 864 2942 atat
880 2887 908 2941 in
927 2888 1026 2944 Sileaia
1044 2902 1148 2945 autore
1165 2890 1224 2944 Va.

171 2981 283 3041 lentino
302 2976 485 3033 Crautwultlo
509 2987 538 3031 et
561 2976 690 3046 Caaparo
715 2974 936 3046 sphaerulae,
961 2993 1037 3049 quae
1054 2976 1079 3047 ³)
1104 2981 1226 3036 invertit

171 3070 264 3126 v‘erba
285 3067 478 3127 hocnodo:
506 3065 629 3135 Corpus
645 3080 765 3133 rreum,
788 3065 869 3136 quod
891 3084 947 3153 pro
972 3068 1061 3124 uobis
1084 3070 1224 3138 traditur,

171 3171 219 3219 est
235 3159 311 3226 hoc,
330 3155 443 3212 scilicet
459 3154 614 3226 spiritualia
633 3153 727 3209 cibus.
760 3153 797 3209 Hi
813 3170 871 3211 noa
882 3157 956 3220 mire
967 3169 1080 3214 vexant
1092 3162 1224 3233 scriptis,

171 3261 299 3320 nutritque
315 3242 518 3301 molestissimi
536 3253 564 3297 et
586 3243 709 3312 gerrardi,
727 3253 807 3312 opto
832 3243 876 3298 eia
898 3257 1038 3302 nostrum
1058 3248 1224 3329 calculum

170 3338 265 3393 fortes
281 3335 336 3391 sibi
357 3334 421 3391 viai.
456 3333 546 3391 Sexta
563 3341 609 3386 est
623 3330 769 3387 Coloniae
785 3330 868 3392 Petri
883 3332 981 3402 Flori,
993 3327 1025 3402 4)
1044 3353 1132 3408 quam
1149 3337 1225 3393 Phi.

170 3443 696 3474 Μ

221 3527 241 3575 n
261 3521 319 3566 cod.
332 3519 387 3566 Jen
400 3517 485 3570 tiam
557 3513 724 3566 nccdsen
747 3514 802 3561 c...
810 3526 848 3562 ..ο
873 3515 1033 3576 pieridum
1046 3517 1225 3576 dictrictius

168 3593 328 3651 3)ch111.
396 3585 598 3644 ttullloet‘a
672 3623 677 3634 .

169 3694 394 3717 Μ

220 3761 242 3810 ‘l
266 3757 297 3805 6-
313 3753 357 3808 aad
373 3751 446 3798 uate
462 3750 487 3799 d
488 3749 508 3795 ’l
525 3747 618 3800 odae
641 3746 738 3801 torar
764 3746 952 3806 Hyperaspiatea
969 3704 1087 3799 diatribae
1106 3752 1222 3802 adversus

168 3841 265 3878 servunt
278 3825 401 3881 arbitrium
413 3822 446 3868 Μ.
459 3821 560 3867 lutheri
573 3822 630 3869 tute
655 3822 707 3872 ibt?
719 3825 803 3874 matt
816 3822 883 3873 titii
897 3824 955 3871 till.
1010 3827 1049 3878 ”l
1068 3823 1137 3872 smus
1150 3827 1222 3873 dirl-

166 3900 267 3949 hcineri
284 3901 314 3947 de
326 3908 386 3943 vera
398 3893 488 3940 curiati
506 3904 579 3941 curae
597 3897 623 3941 et
639 3903 701 3955 vero
718 3892 771 3951 eiua
791 3892 908 3950 amalae
925 3894 990 3945 add.
1004 3894 1221 3973 oecolampadiutn

167 3968 304 4034 responsio
328 3969 436 4020 dorlani.
449 3969 538 4017 tim
