2558 4726
528 330 646 405 usar.
709 415 713 421 ⁸
1028 326 1124 400 -ats

57 512 74 546 ι·
100 492 147 551 29.
166 489 356 551 attentet.
374 489 405 559 ⁸)
743 490 794 547 Nt.
810 469 1091 552 Decccxxxlll.

396 642 444 710 tls
478 610 619 724 §ulus
655 638 798 724 Sonat.

148 796 284 852 §tutatum
298 797 351 848 aad
365 799 511 854 lustrantem
525 799 722 854 attrltdtuteitem
736 801 764 847 ta
777 799 811 845 tit
825 799 876 852 sled
888 795 986 844 avellier
999 796 1042 849 tre.

518 919 659 956 —'--

209 1031 261 1083 ὕει)
273 1033 540 1086 tantustantus.
566 1034 665 1089 Cotutid
678 1036 719 1088 its
732 1033 825 1085 wald
839 1033 903 1080 xxl.
917 1035 973 1082 loeo.

61 1147 211 1250 Gratiam
229 1206 256 1250 et
273 1215 388 1267 pacem.
423 1199 579 1256 Necdum
598 1201 724 1270 rediisti,
742 1201 782 1255 mi
799 1189 896 1267 «lona,
915 1198 995 1270 quod
1013 1196 1118 1264 miror,

63 1299 139 1337 cum
161 1286 198 1340 ita
215 1287 251 1341 sit
269 1290 360 1359 pestis
378 1302 493 1345 mortua
515 1307 549 1345 ac
567 1292 698 1363 sepulta,
725 1293 773 1346 vel
794 1290 929 1345 visitares
948 1289 1053 1343 saltem
1070 1287 1120 1341 tri.

63 1370 200 1442 bulatos,
224 1379 334 1445 uostris
352 1379 468 1434 scilicet
492 1381 640 1452 expensis.
674 1381 813 1436 Redeunt
831 1377 986 1453 turmatim
1004 1376 1055 1448 qui
1075 1377 1118 1429 fa.

63 1473 185 1532 gerant,
211 1466 293 1520 cives
310 1455 380 1522 ¹fere
403 1486 526 1538 omnes,
556 1487 624 1526 cras
649 1470 736 1525 etiarn
760 1469 952 1539 Magistratus
978 1468 1118 1534 aderunt,

32 1613 36 1617 ¹
62 1551 192 1625 denique
216 1557 374 1629 Academia
400 1559 481 1614 brevi
507 1560 613 1628 aderit,
640 1571 674 1616 ut
699 1561 854 1630 Philippus
877 1559 989 1613 scribit.
1029 1557 1117 1611 Deus

60 1654 111 1698 est
134 1643 280 1710 misertus¹
296 1650 389 1703 nostri
414 1650 485 1704 satis
503 1651 655 1721 magnifice
680 1663 708 1705 et
728 1650 870 1717 mirifice,
897 1659 929 1701 ut
956 1648 1119 1702 declararet
1213 1693 1216 1698 .

59 1732 215 1790 orationes
227 1737 320 1794 nostri
334 1720 485 1808 Evangelii
502 1738 557 1794 sibi
572 1740 655 1793 valde
668 1740 802 1810 placere,
821 1734 1009 1811 quantumvis
1023 1737 1117 1791 simus

60 1822 121 1895 ipsi
150 1836 335 1896 peccatores.
368 1827 558 1900 Margaretha
575 1829 742 1890 Mochinna
769 1845 808 1883 ex
824 1838 921 1884 morte
948 1829 1009 1899 ipsa
1034 1825 1119 1882 rediit

59 1905 150 1985 plane
175 1916 344 1988 desperata,
378 1928 411 1973 ttt
432 1935 506 1990 qune
532 1937 590 1974 nec
615 1920 727 1976 audiret
754 1935 809 1972 neo
833 1929 950 1988 saperet
974 1915 1116 1988 amplius't

58 2003 185 2058 fratrem
208 2005 238 2059 iu
255 2006 366 2076 Segren
392 2024 446 2078 pro
469 2024 501 2063 ae
525 2008 640 2063 obtulit.
674 2008 814 2078 Denique
841 2022 947 2061 omues
972 2006 1116 2060 valemus.

57 2091 103 2149 Et
120 2094 216 2149 Ketha
233 2111 299 2150 mea
317 2113 386 2151 cum
405 2098 492 2153 liliola
510 2098 666 2153 Elisabeth
681 2099 778 2163 valet,
804 2112 880 2167 quae
900 2107 929 2151 te
945 2095 1115 2149 valdissime

59 2183 188 2252 salutat,
210 2186 265 2241 sed
281 2189 373 2258 magis
389 2189 475 2252 valde
492 2200 520 2243 te
544 2189 648 2243 adesse
665 2188 746 2257 cupit
764 2202 834 2241 cum
856 2195 917 2240 tota
934 2184 1043 2239 sunilia
1061 2184 1118 2239 sal.
1204 2254 1206 2259 y

58 2289 144 2328 vum.
180 2273 312 2330 llannam
336 2293 353 2331 a
377 2277 440 2332 Sala
462 2278 707 2351 desponsavimua
731 2275 813 2331 heri:
837 2277 883 2330 die
910 2274 1117 2330 circumcisio.
1185 2283 1189 2290 '

32 2374 34 2378 ⁴
57 2363 109 2418 nis
126 2365 260 2435 vesperi,
283 2365 308 2420 si
325 2366 426 2436 voles,
449 2355 558 2437 nuptiis
576 2367 681 2422 adesse
699 2366 813 2433 licelit:
838 2365 918 2420 nubit
937 2374 1035 2419 autem
1051 2363 1115 2418 oui.

58 2453 128 2506 dam
140 2453 232 2510 Petro
249 2455 396 2511 sacerdoti
413 2472 454 2511 ex
465 2456 566 2525 Hal-la,
584 2454 660 2512 bona
678 2465 708 2511 et
724 2455 852 2511 honesta
869 2455 996 2522 familia,
1014 2455 1043 2509 in
1056 2470 1115 2526 qua

56 2547 90 2597 et
107 2542 217 2598 Pastor
232 2544 415 2605 Drasdensis
443 2546 569 2611 Petrus,
598 2546 695 2600 ltoatls
712 2545 811 2612 verbi,
837 2544 990 2617 proximus
1008 2560 1113 2598 cenae.

56 2643 118 2688 tur.
151 2633 217 2702 Ego
236 2651 363 2706 corpore
381 2652 488 2702 sanus,
509 2636 607 2690 animo
625 2647 765 2708 quantum
783 2635 922 2690 Christus
934 2635 1036 2704 juvat,
1062 2634 1113 2706 qui

56 2725 140 2778 tenui
158 2724 208 2780 filo
234 2741 271 2779 ex
289 2742 353 2791 me,
376 2736 406 2781 et
423 2743 479 2796 ago
496 2741 535 2781 ex
560 2726 610 2780 illo
630 2726 804 2797 pendemus.
839 2725 924 2779 Satan
946 2735 1044 2779 autem
1060 2741 1115 2795 po.¹

56 2814 187 2880 tentibus
205 2815 378 2870 rudentibus
395 2826 425 2869 et
442 2816 515 2868 adeo
534 2817 654 2870 camelis
672 2830 710 2869 ert
722 2831 771 2868 me
788 2816 897 2886 pendet
914 2815 949 2868 ad
967 2813 1112 2886 protunda

54 2903 193 2957 trahens:
221 2904 273 2958 sed
295 2904 431 2959 Christus
456 2903 588 2958 infirmus
616 2921 671 2976 per
695 2914 808 2961 vestras
836 2905 984 2959 orationes
1013 2904 1112 2959 adhuc

55 3003 178 3064 superat
191 2994 238 3046 vel
251 2994 356 3047 saltent
368 3005 476 3065 pugnat
488 2995 615 3049 fortiter.
650 2995 742 3064 Igitur
754 2995 865 3065 pergite
885 3004 913 3048 et
924 2993 1072 3049 infirmum
1083 2993 1111 3060 ¹)

54 3082 139 3137 illum
156 3082 307 3137 cunarum
325 3083 429 3137 efficite
447 3085 554 3137 fortem
572 3083 713 3154 precibus
735 3084 864 3151 vestris,
890 3095 923 3137 ut
940 3098 992 3138 sua
1014 3083 1111 3156 impu,

52 3173 144 3226 tentia
163 3172 272 3238 frangat
288 3173 468 3243 potentiam,
488 3173 547 3226 imo
566 3173 707 3227 ferociam
724 3173 855 3228 Satanae.
890 3174 1042 3228 Vindicate
1060 3191 1109 3230 me

52 3265 82 3317 in
108 3263 187 3316 illius
206 3261 343 3331 superbia
359 3262 583 3331 confundenda,
609 3263 658 3333 qui
675 3279 732 3316 vos
749 3264 892 3318 vindicavi
917 3265 944 3317 in
973 3264 1047 3318 illius
1065 3282 1110 3320 sa.

53 3353 165 3425 pientia
183 3362 212 3405 et
229 3352 332 3406 astutia
350 3353 524 3420 revelanda,
542 3353 594 3405 sed
612 3353 709 3405 omnia
728 3363 756 3406 et
774 3369 878 3408 omnes
896 3353 924 3406 in
943 3354 1061 3408 Christo
1081 3365 1111 3408 et

53 3459 94 3496 ex
108 3441 241 3497 Christo.
264 3440 334 3495 Vale
347 3442 502 3496 sanissime
516 3442 543 3494 in
558 3441 686 3495 Christo.
712 3441 808 3495 Saluta
822 3443 938 3506 tuum²l
948 3444 1108 3511 Dictative,

94 3599 123 3675 'ti
137 3623 233 3669 auiti.
249 3623 368 3680 infimum,
382 3626 433 3672 aas
446 3625 507 3676 ntur
521 3627 543 3677 to
557 3626 644 3679 vasen
658 3625 748 3689 turtur.
806 3629 830 3678 2)
844 3627 938 3673 nunt.
953 3629 1019 3680 fatto
1033 3629 1106 3675 titum.

49 3701 85 3750 e.
99 3699 144 3744 no.
160 3699 312 3744 occccvn.
340 3701 373 3750 e.
385 3702 430 3748 213.

99 3871 125 3915 ¹)
139 3868 223 3917 {litter
236 3868 307 3917 ttrite·
319 3870 397 3919 atuirt
411 3870 450 3915 lnl
464 3871 490 3922 fil.
505 3872 568 3921 tszti
585 3870 613 3916 la
627 3871 672 3919 Μ
686 3869 830 3921 ῖϋώκτὼειι
845 3872 965 3924 (ξῐὲῐαβεῐί)
980 3874 1016 3920 til
1031 3875 1108 3920 [titul

45 3940 159 3990 ematur
172 3940 246 3989 utrti
260 3940 353 3989 netues
367 3942 400 3990 ln
410 3943 436 3994 n.
448 3944 504 3989 1533.
517 3944 567 3988 ss.
577 3944 637 3996 uua.
651 3944 716 3994 tert.
742 3945 800 3995 atat.
814 3945 867 3991 auu
881 3945 925 3993 ur.
935 3951 957 3992 t.
968 3950 985 3994 t.
994 3948 1105 3996 moreau.

46 4014 96 4060 No.
113 4012 244 4060 ucccctt.
271 4015 319 4065 vlt
333 4015 519 4070 zatittltdlttuna
533 4016 559 4069 ts
571 4017 668 4068 ileum
680 4023 727 4065 νοω
739 4015 904 4071 &dissutus
917 4027 956 4067 tu.
