2558 4726
179 320 222 386 50
341 320 343 324 '
658 323 749 388 lizia

179 491 252 531 ecca
277 474 379 532 turbas
400 473 475 532 milti
499 477 576 550 parit
598 480 751 535 recentior
773 478 821 534 ilia
839 477 1009 536 monialium
1031 474 1231 548 liberatio,')

94 556 102 584 ³
177 564 217 619 ibi
229 566 321 620 saevit
332 566 436 622 anisnis
448 567 576 636 ignobile
585 568 690 638 tulgus
698 568 854 624 nobilium.
887 567 928 623 Et
939 568 1047 622 mirum
1059 580 1122 635 est,
1141 583 1232 639 quam

178 655 235 710 iilis
253 672 374 728 quoque
391 674 452 711 non
469 657 550 712 credi
568 658 654 725 iicet,
680 658 730 729 qui
747 659 892 713 hactenus
910 656 1156 726 evangelicissimi
1173 656 1231 721 visi

177 755 256 801 sunt.
288 745 478 805 Amsdorlius
489 762 585 822 nuper
598 745 666 816 ipse
682 747 713 802 in
725 747 858 817 periculo
876 756 939 801 erat
952 747 1026 818 apud
1045 746 1133 813 ilios,
1150 759 1230 818 quos

176 835 233 906 ipsi
247 835 423 907 putabamus
440 850 509 891 cnm
526 836 591 907 ipso
608 851 678 891 esse
694 850 777 891 ames
796 846 826 892 ot
842 838 952 906 refugia
969 846 1087 902 nostra,
1106 837 1132 891 si
1149 850 1236 908 opus¹

174 928 265 980 iuret.-
296 923 370 981 Vox
381 926 543 981 Amsdoriii
556 937 639 982 erat:
656 923 715 988 &it
727 922 782 990 lini
793 923 891 985 lbubtn
906 924 976 993 uidit
993 924 1074 984 allelu
1088 924 1134 991 fus
1145 927 1229 991 eam

174 1012 489 1081 insinuastis-istite
504 1013 798 1082 uetur-Mirareris,
823 1015 849 1069 si
866 1014 987 1069 nomine
1010 1030 1116 1069 eorum
1133 1014 1230 1071 literis

172 1106 320 1161 mandere.
335 1105 445 1160 bouet.
480 1104 562 1159 ilaec
580 1120 669 1159 causa
691 1115 755 1172 est,
768 1138 771 1143 ·
786 1116 819 1162 ut
843 1102 988 1176 lacrymis
1004 1116 1123 1160 catenae
1140 1122 1228 1162 meae

172 1196 379 1262 retinemus
404 1205 434 1247 te
457 1194 804 1263 accedamsoredeutis,
827 1193 901 1249 nihil
927 1194 1025 1249 mutus
1048 1203 1077 1249 te
1096 1172 1228 1267 'optare,

173 1284 254 1338 sicut
279 1292 309 1338 et
332 1281 453 1349 scribit,
477 1296 566 1355 quam
588 1282 890 1355 periculummeum,
913 1283 959 1338 sio
983 1284 1062 1339 enim
1084 1285 1229 1356 disputate

172 1373 335 1429 Amsdotlii
358 1380 432 1428 vero
455 1374 599 1428 autoritas·
614 1374 699 1444 apud.
712 1389 761 1428 me
785 1373 945 1445 plurimum
967 1375 992 1441 ¹)
1017 1373 1106 1429 velet.
1146 1374 1230 1432 Tum

171 1463 270 1530 nosti,
289 1472 436 1566 quamam
450 1460 631 1534 Princeps
623 1474 677 1517 rste
695 1471 799 1518 noster
824 1472 872 1518 est
896 1463 1039 1534 evangelii
1056 1463 1230 1531 studiosus,

171 1548 360 1608 tantominus
376 1562 425 1607 est
435 1553 502 1608 suis
516 1552 723 1620 formidabilis,
741 1553 824 1624 qnod
839 1564 984 1644 sperent
978 1552 1065 1609 facile
1081 1554 1122 1609 illi
1133 1552 1228 1609 verba

172 1642 236 1698 lieri
254 1641 626 1753 posse,qi1ioquidctiam
643 1642 705 1696 ausi
721 1640 839 1698 morini.

237 1758 353 1847 Quod
352 1744 485 1843 qiane'ris,
511 1790 547 1827 an
569 1770 717 1861 Principis
736 1735 780 1829 si't
801 1771 945 1829 cohibere
972 1754 1233 1863 abominationes,

173 1863 362 1919 causantibus
392 1861 584 1930 adversariis,
617 1856 767 1917 neminem
791 1862 902 1917 debere
928 1863 994 1933 cogi
1026 1864 1060 1918 ad
1086 1852 1174 1919 iidem
1198 1842 1233 1921 e't

172 1953 384 2025 Evangelium,
401 1951 507 2006 deinde
518 1951 599 2006 nullo
612 1948 751 2024 exemplo
762 1952 791 2006 id
802 1951 884 2020 fieri,
901 1962 1056 2025 postremo
1068 1953 1228 2027 Principes

174 2045 204 2100 in
231 2042 365 2098 externis
383 2032 481 2095 solum
502 2039 554 2111 jus
581 2038 695 2111 imperii
715 2039 843 2096 habere:
869 2042 1067 2112 respondeas,
1091 2059 1147 2097 cur
1171 2042 1228 2116 ipsi

174 2133 260 2206 primi
276 2148 338 2186 non
362 2130 405 2185 sic
430 2129 559 2196 faciunt,
582 2140 615 2183 ut
635 2145 714 2182 nunc
739 2128 859 2183 demum
884 2134 1144 2199 argumentantur?
1170 2130 1232 2204 ipsi

176 2224 256 2278 enim
273 2239 333 2276 non
351 2220 450 2275 solum
466 2227 577 2287 cogunt
595 2217 630 2271 ad
648 2227 784 2273 externus
803 2218 1052 2288 abominationes,
1072 2237 1180 2275 verum
1197 2230 1231 2278 et

177 2313 212 2366 ad
237 2313 379 2365 internam
405 2307 605 2363 infidelitatem
630 2316 659 2362 et
675 2304 774 2362 cordis
800 2306 989 2379 impietatem.
1023 2309 1130 2365 Ferant
1155 2328 1228 2381 erge

177 2416 347 2459 mensuram
359 2413 397 2455 ex
411 2409 490 2469 parte
503 2398 623 2464 saitem,
641 2414 698 2468 qua
710 2396 878 2452 metiuntur.
915 2397 1006 2474 Quod
1017 2417 1091 2454 vero
1105 2411 1229 2471 cogunt,

178 2484 338 2562 satis'pa'tet
346 2528 356 2556 ,
374 2470 455 2559 quod
472 2487 611 2541 invocant
624 2486 751 2541 alienum
765 2485 949 2558 Principem,
960 2498 1101 2561 'quo'uno
1112 2496 1233 2546 merue-

178 2589 244 2636 rant
262 2593 385 2649 prorsus
404 2576 523 2647 expelli.
556 2574 677 2632 Deinde
693 2574 848 2647 Principes
865 2577 958 2632 nostri
981 2594 1042 2634 non
1059 2589 1169 2649 cogunt
1194 2579 1234 2635 ad
1258 2610 1264 2619 ·

179 2670 268 2725 fidem
293 2678 322 2722 et
345 2665 549 2735 Euangeliou,
581 2664 634 2719 sed
660 2662 799 2719 cohibent
824 2658 962 2723 cisternas
985 2668 1233 2727 abominationes.

181 2762 258 2815 Cum
275 2758 361 2828 igitur
377 2755 495 2828 ipsimet
512 2756 658 2809 fateantur
673 2754 702 2808 in
719 2755 849 2810 externis
867 2755 956 2815 rebus
974 2772 1041 2812 esse
1053 2758 1104 2828 jus
1116 2758 1236 2816 Princi-

180 2850 283 2924 pibus,
306 2845 362 2918 ipsi
379 2860 447 2900 sese
464 2844 609 2898 damnant.
642 2844 763 2899 Debent
782 2844 859 2898 enim
879 2844 1032 2917 Principes
1049 2847 1166 2919 publica
1183 2849 1236 2905 lia.

182 2941 265 3011 gitis,
284 2946 315 2992 ut
328 2936 473 3010 perjuria,
490 2932 690 3006 blasphemias
707 2933 834 2988 nominis
847 2934 908 2989 Dei
920 2936 1108 3002 manifestas,
1126 2939 1233 3009 quales

182 3033 255 3086 istae
273 3040 352 3096 sunt,
377 3025 532 3093 cohibere,
557 3025 674 3079 interim
691 3022 762 3079 nihil
782 3032 935 3092 cogentes,
951 3025 1014 3079 sive
1031 3027 1153 3082 credent
1170 3028 1232 3098 illi,

182 3120 245 3173 sive
263 3135 338 3188 non,
351 3132 402 3187 qui
395 3113 621 3186 prohibentur,
638 3130 735 3185 neque
753 3128 778 3166 si
770 3111 867 3165 clam
877 3112 1067 3182 maledicant,
1084 3115 1149 3170 sive
1160 3135 1235 3175 non.

180 3208 248 3264 Nos
262 3208 341 3261 enirn
353 3206 388 3259 ‹le
401 3203 527 3276 publicis
539 3202 704 3256 maledictis
717 3211 745 3256 et
756 3199 949 3271 blasphemiis
961 3203 1102 3285 dicimus,
1121 3207 1234 3280 quibus

180 3297 296 3351 Deum
301 3304 436 3348 nostrum
451 3291 664 3363 blasphemam.
698 3289 764 3344 Hoo
780 3289 929 3360 (mquam)
946 3291 971 3344 st
985 3308 1166 3363 possumus
1181 3295 1236 3352 de.

179 3387 287 3442 bemus
304 3384 464 3450 cohibere,
487 3381 511 3435 si
529 3398 587 3437 non
607 3376 783 3452 possumus,
806 3380 942 3448 cogimur
956 3383 1136 3452 permittere.
1172 3383 1233 3439 Hic

180 3492 270 3532 nemo
289 3474 385 3528 adhuc
411 3472 527 3540 cogitur
551 3471 586 3522 ad
612 3468 698 3521 iidem
723 3477 753 3522 et
777 3466 977 3537 Evangelion,
1003 3487 1092 3526 nemo
1115 3472 1235 3542 cogitur

180 3567 215 3621 ad
228 3565 328 3620 cordis
340 3562 458 3635 impiam
471 3560 656 3632 opinionem,
673 3556 799 3629 qualiter
813 3555 868 3629 ipsi
881 3558 1031 3628 iacerent,
1050 3559 1075 3614 si
1087 3574 1227 3634 possent:

229 3782 250 3828 i)
271 3777 339 3824 cod.
355 3773 462 3822 mullum.
523 3747 528 3757 ¹

179 3894 406 3913 ..μ

227 3977 252 4029 *J
270 3976 303 4028 6.
315 3975 361 4022 lic.
375 3974 507 4023 boculi.
