<?xml version="1.0" encoding="UTF-8"?>
<!DOCTYPE html PUBLIC "-//W3C//DTD XHTML 1.0 Transitional//EN"
    "http://www.w3.org/TR/xhtml1/DTD/xhtml1-transitional.dtd">
<html xmlns="http://www.w3.org/1999/xhtml" xml:lang="en" lang="en">
 <head>
  <title>
</title>
<meta http-equiv="Content-Type" content="text/html;charset=utf-8" />
  <meta name='ocr-system' content='tesseract 3.04.00' />
  <meta name='ocr-capabilities' content='ocr_page ocr_carea ocr_par ocr_line ocrx_word'/>
</head>
<body>
  <div class='ocr_page' id='page_1' title='image "./briefesendschre06luthgoog/briefesendschre06luthgoog_0532.png"; bbox 0 0 2558 4726; ppageno 0'>
   <div class='ocr_carea' id='block_1_1' title="bbox 91 329 1128 562">
    <p class='ocr_par' dir='ltr' id='par_1_1' title="bbox 91 329 1128 562">
     <span class='ocr_line' id='line_1_1' title="bbox 550 329 1128 410; baseline -0.007 -6"><span class='ocrx_word' id='word_1_1' title='bbox 550 337 641 410; x_wconf 80' lang='lat'><strong>1⁵29.</strong></span> <span class='ocrx_word' id='word_1_2' title='bbox 1043 329 1128 400; x_wconf 65' lang='lat' dir='ltr'>‘sot</span> 
     </span>
     <span class='ocr_line' id='line_1_2' title="bbox 91 486 1096 562; baseline -0.01 -3"><span class='ocrx_word' id='word_1_3' title='bbox 91 492 365 562; x_wconf 56' lang='lat' dir='ltr'>sermome.</span> <span class='ocrx_word' id='word_1_4' title='bbox 460 510 463 514; x_wconf 90' lang='lat'>·</span> <span class='ocrx_word' id='word_1_5' title='bbox 529 539 541 550; x_wconf 90' lang='lat'>..</span> <span class='ocrx_word' id='word_1_6' title='bbox 890 486 1096 551; x_wconf 70' lang='lat' dir='ltr'>Ntmcui.</span> 
     </span>
    </p>
   </div>
   <div class='ocr_carea' id='block_1_2' title="bbox 393 637 797 865">
    <p class='ocr_par' dir='ltr' id='par_1_2' title="bbox 393 637 797 865">
     <span class='ocr_line' id='line_1_3' title="bbox 393 637 797 728; baseline 0.005 -12"><span class='ocrx_word' id='word_1_7' title='bbox 393 644 442 716; x_wconf 75' lang='lat' dir='ltr'>tin</span> <span class='ocrx_word' id='word_1_8' title='bbox 471 640 563 727; x_wconf 62' lang='lat' dir='ltr'>ssot.</span> <span class='ocrx_word' id='word_1_9' title='bbox 595 637 797 728; x_wconf 75' lang='lat' dir='ltr'>iintttott.</span> 
     </span>
     <span class='ocr_line' id='line_1_4' title="bbox 396 774 765 865; baseline -0.003 -12"><span class='ocrx_word' id='word_1_10' title='bbox 396 774 399 779; x_wconf 30' lang='lat'>⁵</span> <span class='ocrx_word' id='word_1_11' title='bbox 423 802 523 859; x_wconf 73' lang='lat' dir='ltr'>issttritit</span> <span class='ocrx_word' id='word_1_12' title='bbox 535 805 653 857; x_wconf 76' lang='lat' dir='ltr'>tensttttn</span> <span class='ocrx_word' id='word_1_13' title='bbox 666 804 765 865; x_wconf 63' lang='grc' dir='ltr'>ῷιιιθιῑ.</span> 
     </span>
    </p>
   </div>
   <div class='ocr_carea' id='block_1_3' title="bbox 174 1035 1016 1142">
    <p class='ocr_par' dir='ltr' id='par_1_3' title="bbox 174 1035 1016 1142">
     <span class='ocr_line' id='line_1_5' title="bbox 174 1035 1016 1142; baseline -0.008 -52"><span class='ocrx_word' id='word_1_14' title='bbox 174 1039 305 1142; x_wconf 47' lang='lat' dir='ltr'>liuidinis</span> <span class='ocrx_word' id='word_1_15' title='bbox 318 1039 432 1096; x_wconf 68' lang='lat' dir='ltr'>ttitnrtft</span> <span class='ocrx_word' id='word_1_16' title='bbox 444 1043 488 1095; x_wconf 80' lang='lat' dir='ltr'>tut</span> <span class='ocrx_word' id='word_1_17' title='bbox 498 1043 537 1089; x_wconf 80' lang='lat' dir='ltr'>tn</span> <span class='ocrx_word' id='word_1_18' title='bbox 550 1037 834 1092; x_wconf 69' lang='lat' dir='ltr'>unttnnttttnttttotttt</span> <span class='ocrx_word' id='word_1_19' title='bbox 847 1047 874 1092; x_wconf 87' lang='grc' dir='ltr'>ιιι</span> <span class='ocrx_word' id='word_1_20' title='bbox 886 1035 1016 1096; x_wconf 52' lang='lat' dir='ltr'>§tinniit</span> 
     </span>
    </p>
   </div>
   <div class='ocr_carea' id='block_1_4' title="bbox 458 1113 724 1172">
    <p class='ocr_par' dir='ltr' id='par_1_4' title="bbox 458 1113 724 1172">
     <span class='ocr_line' id='line_1_6' title="bbox 458 1113 724 1172; baseline -0.011 -10"><span class='ocrx_word' id='word_1_21' title='bbox 458 1116 498 1169; x_wconf 76' lang='lat' dir='ltr'>tto</span> <span class='ocrx_word' id='word_1_22' title='bbox 511 1114 623 1172; x_wconf 61' lang='lat' dir='ltr'>&amp;diist</span> <span class='ocrx_word' id='word_1_23' title='bbox 636 1113 666 1159; x_wconf 85' lang='lat' dir='ltr'>ll.</span> <span class='ocrx_word' id='word_1_24' title='bbox 680 1115 724 1165; x_wconf 78' lang='lat'>1⁰9..</span> 
     </span>
    </p>
   </div>
   <div class='ocr_carea' id='block_1_5' title="bbox 103 1243 1085 1408">
    <p class='ocr_par' dir='ltr' id='par_1_5' title="bbox 103 1243 1085 1408">
     <span class='ocr_line' id='line_1_7' title="bbox 103 1243 1085 1320; baseline -0.006 -17"><span class='ocrx_word' id='word_1_25' title='bbox 103 1243 294 1303; x_wconf 78' lang='lat' dir='ltr'><em>Venerabili</em></span> <span class='ocrx_word' id='word_1_26' title='bbox 309 1247 344 1302; x_wconf 83' lang='lat' dir='ltr'>in</span> <span class='ocrx_word' id='word_1_27' title='bbox 362 1247 490 1304; x_wconf 77' lang='lat' dir='ltr'>Christo</span> <span class='ocrx_word' id='word_1_28' title='bbox 498 1247 629 1320; x_wconf 81' lang='lat' dir='ltr'>fratri,</span> <span class='ocrx_word' id='word_1_29' title='bbox 657 1249 711 1304; x_wconf 91' lang='lat' dir='ltr'>M.</span> <span class='ocrx_word' id='word_1_30' title='bbox 728 1245 876 1303; x_wconf 73' lang='lat' dir='ltr'>totamm·</span> <span class='ocrx_word' id='word_1_31' title='bbox 891 1243 1085 1319; x_wconf 71' lang='lat' dir='ltr'>Aqricoioe,</span> 
     </span>
     <span class='ocr_line' id='line_1_8' title="bbox 187 1334 998 1408; baseline -0.004 -17"><span class='ocrx_word' id='word_1_32' title='bbox 187 1334 397 1393; x_wconf 78' lang='lat' dir='ltr'>Eislebiensis</span> <span class='ocrx_word' id='word_1_33' title='bbox 403 1339 586 1408; x_wconf 74' lang='lat' dir='ltr'>juventutis</span> <span class='ocrx_word' id='word_1_34' title='bbox 602 1337 784 1395; x_wconf 78' lang='lat' dir='ltr'><em>institutori</em></span> <span class='ocrx_word' id='word_1_35' title='bbox 792 1335 998 1404; x_wconf 84' lang='lat' dir='ltr'>fidelissimo.</span> 
     </span>
    </p>
   </div>
   <div class='ocr_carea' id='block_1_6' title="bbox 22 1469 1129 3730">
    <p class='ocr_par' dir='ltr' id='par_1_6' title="bbox 22 1469 1129 3730">
     <span class='ocr_line' id='line_1_9' title="bbox 60 1469 1127 1587; baseline -0.002 -16"><span class='ocrx_word' id='word_1_36' title='bbox 60 1469 121 1559; x_wconf 81' lang='lat' dir='ltr'>G·</span> <span class='ocrx_word' id='word_1_37' title='bbox 140 1523 170 1571; x_wconf 85' lang='lat' dir='ltr'>et</span> <span class='ocrx_word' id='word_1_38' title='bbox 185 1514 221 1572; x_wconf 85' lang='lat' dir='ltr'>P.</span> <span class='ocrx_word' id='word_1_39' title='bbox 239 1517 272 1571; x_wconf 91' lang='lat' dir='ltr'>in</span> <span class='ocrx_word' id='word_1_40' title='bbox 284 1517 432 1574; x_wconf 87' lang='lat' dir='ltr'>Domino.</span> <span class='ocrx_word' id='word_1_41' title='bbox 465 1519 620 1587; x_wconf 71' lang='lat' dir='ltr'>Vidimus,</span> <span class='ocrx_word' id='word_1_42' title='bbox 645 1519 785 1574; x_wconf 87' lang='lat' dir='ltr'>novimus</span> <span class='ocrx_word' id='word_1_43' title='bbox 811 1517 1011 1587; x_wconf 82' lang='lat' dir='ltr'>tragoediam,</span> <span class='ocrx_word' id='word_1_44' title='bbox 1036 1531 1127 1587; x_wconf 80' lang='lat' dir='ltr'>qttant</span> 
     </span>
     <span class='ocr_line' id='line_1_10' title="bbox 59 1598 1127 1677; baseline 0.001 -18"><span class='ocrx_word' id='word_1_45' title='bbox 59 1603 116 1659; x_wconf 82' lang='lat' dir='ltr'>tibi</span> <span class='ocrx_word' id='word_1_46' title='bbox 135 1606 245 1661; x_wconf 83' lang='lat' dir='ltr'>excitat</span> <span class='ocrx_word' id='word_1_47' title='bbox 260 1606 337 1663; x_wconf 88' lang='lat' dir='ltr'>Dux</span> <span class='ocrx_word' id='word_1_48' title='bbox 355 1607 661 1677; x_wconf 84' lang='lat' dir='ltr'>Wirtembergensis,</span> <span class='ocrx_word' id='word_1_49' title='bbox 684 1609 724 1663; x_wconf 89' lang='lat' dir='ltr'>mi</span> <span class='ocrx_word' id='word_1_50' title='bbox 739 1598 894 1671; x_wconf 66' lang='lat' dir='ltr'>ioannes,</span> <span class='ocrx_word' id='word_1_51' title='bbox 919 1607 971 1661; x_wconf 85' lang='lat' dir='ltr'>sed</span> <span class='ocrx_word' id='word_1_52' title='bbox 990 1618 1021 1660; x_wconf 87' lang='lat' dir='ltr'>tu</span> <span class='ocrx_word' id='word_1_53' title='bbox 1039 1602 1127 1661; x_wconf 77' lang='lat' dir='ltr'>sortis</span> 
     </span>
     <span class='ocr_line' id='line_1_11' title="bbox 59 1685 1127 1762; baseline 0.004 -13"><span class='ocrx_word' id='word_1_54' title='bbox 59 1706 132 1749; x_wconf 82' lang='lat' dir='ltr'>esto</span> <span class='ocrx_word' id='word_1_55' title='bbox 149 1685 348 1753; x_wconf 73' lang='lat' dir='ltr'>neo&#39;tnetuae.</span> <span class='ocrx_word' id='word_1_56' title='bbox 382 1696 424 1758; x_wconf 64' lang='lat' dir='ltr'>tt</span> <span class='ocrx_word' id='word_1_57' title='bbox 447 1695 478 1760; x_wconf 79' lang='lat' dir='ltr'>iti</span> <span class='ocrx_word' id='word_1_58' title='bbox 501 1695 620 1759; x_wconf 78' lang='lat' dir='ltr'>titinio</span> <span class='ocrx_word' id='word_1_59' title='bbox 647 1697 721 1759; x_wconf 62' lang='lat' dir='ltr'>bitti</span> <span class='ocrx_word' id='word_1_60' title='bbox 744 1698 788 1754; x_wconf 72' lang='lat' dir='ltr'>ott</span> <span class='ocrx_word' id='word_1_61' title='bbox 812 1695 844 1762; x_wconf 75' lang='lat' dir='ltr'>tit</span> <span class='ocrx_word' id='word_1_62' title='bbox 867 1700 896 1754; x_wconf 85' lang='lat' dir='ltr'>tt</span> <span class='ocrx_word' id='word_1_63' title='bbox 917 1709 997 1761; x_wconf 77' lang='lat' dir='ltr'>terte</span> <span class='ocrx_word' id='word_1_64' title='bbox 1021 1694 1127 1755; x_wconf 73' lang='lat' dir='ltr'>natine</span> 
     </span>
     <span class='ocr_line' id='line_1_12' title="bbox 56 1785 1129 1858; baseline -0.003 -14"><span class='ocrx_word' id='word_1_65' title='bbox 56 1785 188 1845; x_wconf 78' lang='lat' dir='ltr'>totunm</span> <span class='ocrx_word' id='word_1_66' title='bbox 206 1787 274 1846; x_wconf 80' lang='lat' dir='ltr'>nin</span> <span class='ocrx_word' id='word_1_67' title='bbox 291 1788 354 1853; x_wconf 75' lang='lat' dir='ltr'>endi</span> <span class='ocrx_word' id='word_1_68' title='bbox 371 1790 420 1858; x_wconf 78' lang='lat' dir='ltr'>(ot</span> <span class='ocrx_word' id='word_1_69' title='bbox 438 1791 510 1848; x_wconf 72' lang='lat' dir='ltr'>nott</span> <span class='ocrx_word' id='word_1_70' title='bbox 525 1789 597 1855; x_wconf 79' lang='lat' dir='ltr'>niu)</span> <span class='ocrx_word' id='word_1_71' title='bbox 616 1788 688 1847; x_wconf 80' lang='lat' dir='ltr'>nint</span> <span class='ocrx_word' id='word_1_72' title='bbox 709 1786 735 1851; x_wconf 82' lang='lat' dir='ltr'>to</span> <span class='ocrx_word' id='word_1_73' title='bbox 754 1788 809 1850; x_wconf 77' lang='lat' dir='ltr'>itte</span> <span class='ocrx_word' id='word_1_74' title='bbox 827 1787 940 1846; x_wconf 72' lang='lat' dir='ltr'>nertin.</span> <span class='ocrx_word' id='word_1_75' title='bbox 976 1786 1129 1852; x_wconf 70' lang='lat' dir='ltr'>tonnavi,</span> 
     </span>
     <span class='ocr_line' id='line_1_13' title="bbox 55 1877 1124 1951; baseline 0 -21"><span class='ocrx_word' id='word_1_76' title='bbox 55 1877 144 1949; x_wconf 86' lang='lat' dir='ltr'>quod</span> <span class='ocrx_word' id='word_1_77' title='bbox 167 1888 271 1932; x_wconf 84' lang='lat' dir='ltr'>comes</span> <span class='ocrx_word' id='word_1_78' title='bbox 303 1877 445 1934; x_wconf 72' lang='lat' dir='ltr'>Attienus</span> <span class='ocrx_word' id='word_1_79' title='bbox 474 1879 577 1951; x_wconf 90' lang='lat' dir='ltr'>petiit,</span> <span class='ocrx_word' id='word_1_80' title='bbox 606 1879 700 1935; x_wconf 82' lang='lat' dir='ltr'>chaos</span> <span class='ocrx_word' id='word_1_81' title='bbox 726 1879 875 1951; x_wconf 81' lang='lat' dir='ltr'>quoddam</span> <span class='ocrx_word' id='word_1_82' title='bbox 900 1877 1124 1948; x_wconf 76' lang='lat' dir='ltr'>responsionis,</span> 
     </span>
     <span class='ocr_line' id='line_1_14' title="bbox 59 1963 1126 2038; baseline -0.004 -20"><span class='ocrx_word' id='word_1_83' title='bbox 59 1980 154 2038; x_wconf 78' lang='lat' dir='ltr'>quem</span> <span class='ocrx_word' id='word_1_84' title='bbox 165 1965 263 2022; x_wconf 87' lang='lat' dir='ltr'>eidem</span> <span class='ocrx_word' id='word_1_85' title='bbox 277 1976 383 2022; x_wconf 90' lang='lat' dir='ltr'>contra</span> <span class='ocrx_word' id='word_1_86' title='bbox 395 1966 462 2022; x_wconf 87' lang='lat' dir='ltr'>ilios</span> <span class='ocrx_word' id='word_1_87' title='bbox 475 1968 596 2022; x_wconf 82' lang='lat' dir='ltr'>daturus</span> <span class='ocrx_word' id='word_1_88' title='bbox 609 1982 652 2022; x_wconf 89' lang='lat' dir='ltr'>es.</span> <span class='ocrx_word' id='word_1_89' title='bbox 686 1968 788 2033; x_wconf 83' lang='lat' dir='ltr'>lianc,</span> <span class='ocrx_word' id='word_1_90' title='bbox 807 1983 883 2034; x_wconf 86' lang='lat' dir='ltr'>oro,</span> <span class='ocrx_word' id='word_1_91' title='bbox 902 1982 957 2035; x_wconf 85' lang='lat' dir='ltr'>pro</span> <span class='ocrx_word' id='word_1_92' title='bbox 970 1975 1018 2020; x_wconf 85' lang='lat' dir='ltr'>tna</span> <span class='ocrx_word' id='word_1_93' title='bbox 1033 1963 1126 2018; x_wconf 68' lang='lat' dir='ltr'>iacui·</span> 
     </span>
     <span class='ocr_line' id='line_1_15' title="bbox 56 2040 1126 2124; baseline -0.002 -14"><span class='ocrx_word' id='word_1_94' title='bbox 56 2063 121 2111; x_wconf 78' lang='lat' dir='ltr'>tane</span> <span class='ocrx_word' id='word_1_95' title='bbox 138 2071 229 2111; x_wconf 87' lang='lat' dir='ltr'>ornes</span> <span class='ocrx_word' id='word_1_96' title='bbox 245 2064 277 2112; x_wconf 87' lang='lat' dir='ltr'>et</span> <span class='ocrx_word' id='word_1_97' title='bbox 293 2072 395 2111; x_wconf 85' lang='lat' dir='ltr'>acuas.</span> <span class='ocrx_word' id='word_1_98' title='bbox 406 2057 431 2123; x_wconf 89' lang='lat'>¹)</span> <span class='ocrx_word' id='word_1_99' title='bbox 464 2056 543 2112; x_wconf 88' lang='lat' dir='ltr'>Nam</span> <span class='ocrx_word' id='word_1_100' title='bbox 560 2040 680 2124; x_wconf 66' lang='lat' dir='ltr'>metuis,</span> <span class='ocrx_word' id='word_1_101' title='bbox 698 2073 736 2110; x_wconf 90' lang='lat' dir='ltr'>ne</span> <span class='ocrx_word' id='word_1_102' title='bbox 749 2056 860 2110; x_wconf 88' lang='lat' dir='ltr'>Comes</span> <span class='ocrx_word' id='word_1_103' title='bbox 875 2055 1018 2110; x_wconf 82' lang='lat' dir='ltr'>Albertus</span> <span class='ocrx_word' id='word_1_104' title='bbox 1036 2053 1126 2108; x_wconf 79' lang='lat' dir='ltr'>uliam</span> 
     </span>
     <span class='ocr_line' id='line_1_16' title="bbox 60 2142 1127 2218; baseline -0.002 -17"><span class='ocrx_word' id='word_1_105' title='bbox 60 2144 105 2201; x_wconf 88' lang='lat' dir='ltr'>ibi</span> <span class='ocrx_word' id='word_1_106' title='bbox 119 2145 353 2214; x_wconf 82' lang='lat' dir='ltr'>vehementiam,</span> <span class='ocrx_word' id='word_1_107' title='bbox 367 2147 557 2218; x_wconf 84' lang='lat' dir='ltr'>quantumvis</span> <span class='ocrx_word' id='word_1_108' title='bbox 569 2146 780 2215; x_wconf 82' lang='lat' dir='ltr'>necessariam,</span> <span class='ocrx_word' id='word_1_109' title='bbox 798 2161 941 2217; x_wconf 85' lang='lat' dir='ltr'>passurus</span> <span class='ocrx_word' id='word_1_110' title='bbox 960 2144 1008 2198; x_wconf 85' lang='lat' dir='ltr'>sit.</span> <span class='ocrx_word' id='word_1_111' title='bbox 1043 2142 1127 2217; x_wconf 78' lang='lat' dir='ltr'>Q&#39;uid</span> 
     </span>
     <span class='ocr_line' id='line_1_17' title="bbox 57 2233 1126 2308; baseline -0.001 -18"><span class='ocrx_word' id='word_1_112' title='bbox 57 2234 142 2290; x_wconf 86' lang='lat' dir='ltr'>enim</span> <span class='ocrx_word' id='word_1_113' title='bbox 163 2244 229 2307; x_wconf 79' lang='lat' dir='ltr'>aget</span> <span class='ocrx_word' id='word_1_114' title='bbox 251 2238 414 2308; x_wconf 79' lang='lat' dir='ltr'>tyrannus?</span> <span class='ocrx_word' id='word_1_115' title='bbox 452 2237 527 2292; x_wconf 82' lang='lat' dir='ltr'>Pars</span> <span class='ocrx_word' id='word_1_116' title='bbox 553 2239 648 2291; x_wconf 85' lang='lat' dir='ltr'>iactus</span> <span class='ocrx_word' id='word_1_117' title='bbox 672 2253 705 2290; x_wconf 85' lang='lat' dir='ltr'>es</span> <span class='ocrx_word' id='word_1_118' title='bbox 722 2237 752 2302; x_wconf 78' lang='lat'>²)</span> <span class='ocrx_word' id='word_1_119' title='bbox 784 2234 1022 2291; x_wconf 76' lang='lat' dir='ltr'>adversariorum</span> <span class='ocrx_word' id='word_1_120' title='bbox 1048 2233 1126 2303; x_wconf 84' lang='lat' dir='ltr'>ejus.</span> 
     </span>
     <span class='ocr_line' id='line_1_18' title="bbox 22 2322 1127 2397; baseline -0.001 -17"><span class='ocrx_word' id='word_1_121' title='bbox 22 2330 25 2334; x_wconf 77' lang='grc'><em>’</em></span> <span class='ocrx_word' id='word_1_122' title='bbox 56 2322 141 2380; x_wconf 83' lang='grc' dir='ltr'>Ηιιίο</span> <span class='ocrx_word' id='word_1_123' title='bbox 164 2325 240 2397; x_wconf 80' lang='lat' dir='ltr'>parti</span> <span class='ocrx_word' id='word_1_124' title='bbox 261 2340 372 2381; x_wconf 81' lang='lat' dir='ltr'>scenae</span> <span class='ocrx_word' id='word_1_125' title='bbox 402 2326 659 2397; x_wconf 83' lang='lat' dir='ltr'>attemperandum</span> <span class='ocrx_word' id='word_1_126' title='bbox 686 2334 748 2394; x_wconf 84' lang='lat' dir='ltr'>est,</span> <span class='ocrx_word' id='word_1_127' title='bbox 780 2325 876 2380; x_wconf 88' lang='lat' dir='ltr'>donec</span> <span class='ocrx_word' id='word_1_128' title='bbox 906 2325 968 2396; x_wconf 85' lang='lat' dir='ltr'>ipsa</span> <span class='ocrx_word' id='word_1_129' title='bbox 987 2325 1073 2395; x_wconf 87' lang='lat' dir='ltr'>justo</span> <span class='ocrx_word' id='word_1_130' title='bbox 1096 2332 1127 2379; x_wconf 88' lang='lat' dir='ltr'>et</span> 
     </span>
     <span class='ocr_line' id='line_1_19' title="bbox 60 2414 1127 2486; baseline -0.001 -17"><span class='ocrx_word' id='word_1_131' title='bbox 60 2414 196 2486; x_wconf 80' lang='lat' dir='ltr'>legitimo</span> <span class='ocrx_word' id='word_1_132' title='bbox 207 2415 268 2469; x_wconf 86' lang='lat' dir='ltr'>ritu</span> <span class='ocrx_word' id='word_1_133' title='bbox 280 2415 426 2471; x_wconf 84' lang='lat' dir='ltr'>vincatur.</span> <span class='ocrx_word' id='word_1_134' title='bbox 463 2414 585 2470; x_wconf 73' lang='lat' dir='ltr'>Interim</span> <span class='ocrx_word' id='word_1_135' title='bbox 601 2415 667 2476; x_wconf 82' lang='lat' dir='ltr'>licet</span> <span class='ocrx_word' id='word_1_136' title='bbox 679 2416 777 2469; x_wconf 78' lang='lat' dir='ltr'>iacere</span> <span class='ocrx_word' id='word_1_137' title='bbox 794 2424 823 2470; x_wconf 85' lang='lat' dir='ltr'>et</span> <span class='ocrx_word' id='word_1_138' title='bbox 837 2415 953 2480; x_wconf 81' lang='lat' dir='ltr'>dicere,</span> <span class='ocrx_word' id='word_1_139' title='bbox 971 2428 1047 2485; x_wconf 82' lang='lat' dir='ltr'>quae</span> <span class='ocrx_word' id='word_1_140' title='bbox 1060 2424 1127 2469; x_wconf 85' lang='lat' dir='ltr'>tuae</span> 
     </span>
     <span class='ocr_line' id='line_1_20' title="bbox 57 2503 1127 2578; baseline 0.001 -19"><span class='ocrx_word' id='word_1_141' title='bbox 57 2503 153 2578; x_wconf 83' lang='lat' dir='ltr'>partis</span> <span class='ocrx_word' id='word_1_142' title='bbox 172 2513 252 2560; x_wconf 85' lang='lat' dir='ltr'>sunt.</span> <span class='ocrx_word' id='word_1_143' title='bbox 286 2503 386 2559; x_wconf 83' lang='lat' dir='ltr'>Audio</span> <span class='ocrx_word' id='word_1_144' title='bbox 404 2513 435 2559; x_wconf 88' lang='lat' dir='ltr'>te</span> <span class='ocrx_word' id='word_1_145' title='bbox 451 2505 540 2560; x_wconf 83' lang='lat' dir='ltr'>nimis</span> <span class='ocrx_word' id='word_1_146' title='bbox 556 2503 701 2558; x_wconf 86' lang='lat' dir='ltr'>humilem</span> <span class='ocrx_word' id='word_1_147' title='bbox 714 2504 845 2575; x_wconf 83' lang='lat' dir='ltr'>Principi</span> <span class='ocrx_word' id='word_1_148' title='bbox 858 2505 981 2561; x_wconf 72' lang='lat' dir='ltr'>{isesias</span> <span class='ocrx_word' id='word_1_149' title='bbox 999 2520 1127 2576; x_wconf 80' lang='lat' dir='ltr'>respon.</span> 
     </span>
     <span class='ocr_line' id='line_1_21' title="bbox 56 2592 1127 2667; baseline 0.001 -17"><span class='ocrx_word' id='word_1_150' title='bbox 56 2592 179 2651; x_wconf 82' lang='lat' dir='ltr'>sionem</span> <span class='ocrx_word' id='word_1_151' title='bbox 202 2610 237 2649; x_wconf 83' lang='lat' dir='ltr'>ac</span> <span class='ocrx_word' id='word_1_152' title='bbox 254 2594 340 2667; x_wconf 87' lang='lat' dir='ltr'>plane</span> <span class='ocrx_word' id='word_1_153' title='bbox 358 2593 534 2666; x_wconf 81' lang='lat' dir='ltr'>palinodiam</span> <span class='ocrx_word' id='word_1_154' title='bbox 552 2606 709 2663; x_wconf 87' lang='lat' dir='ltr'>cantasse,</span> <span class='ocrx_word' id='word_1_155' title='bbox 726 2593 758 2663; x_wconf 71' lang='lat'>⁹)</span> <span class='ocrx_word' id='word_1_156' title='bbox 784 2597 865 2667; x_wconf 87' lang='lat' dir='ltr'>qnod</span> <span class='ocrx_word' id='word_1_157' title='bbox 889 2596 992 2652; x_wconf 82' lang='lat' dir='ltr'>doleo:</span> <span class='ocrx_word' id='word_1_158' title='bbox 1017 2596 1127 2651; x_wconf 83' lang='lat' dir='ltr'>sed-ut</span> 
     </span>
     <span class='ocr_line' id='line_1_22' title="bbox 55 2684 1127 2756; baseline -0.004 -15"><span class='ocrx_word' id='word_1_159' title='bbox 55 2686 140 2742; x_wconf 85' lang='lat' dir='ltr'>hanc</span> <span class='ocrx_word' id='word_1_160' title='bbox 156 2699 279 2756; x_wconf 87' lang='lat' dir='ltr'>quoque</span> <span class='ocrx_word' id='word_1_161' title='bbox 296 2699 402 2739; x_wconf 84' lang='lat' dir='ltr'>rursus</span> <span class='ocrx_word' id='word_1_162' title='bbox 421 2700 570 2750; x_wconf 83' lang='lat' dir='ltr'>revoces,</span> <span class='ocrx_word' id='word_1_163' title='bbox 596 2685 766 2739; x_wconf 82' lang='lat' dir='ltr'>consultum</span> <span class='ocrx_word' id='word_1_164' title='bbox 783 2685 917 2754; x_wconf 84' lang='lat' dir='ltr'>videtur,</span> <span class='ocrx_word' id='word_1_165' title='bbox 935 2695 968 2740; x_wconf 90' lang='lat' dir='ltr'>ut</span> <span class='ocrx_word' id='word_1_166' title='bbox 986 2684 1015 2740; x_wconf 88' lang='lat' dir='ltr'>in</span> <span class='ocrx_word' id='word_1_167' title='bbox 1033 2685 1127 2740; x_wconf 86' lang='lat' dir='ltr'>vesti.</span> 
     </span>
     <span class='ocr_line' id='line_1_23' title="bbox 56 2774 1126 2847; baseline -0.005 -15"><span class='ocrx_word' id='word_1_168' title='bbox 56 2774 135 2832; x_wconf 84' lang='lat' dir='ltr'>bulo</span> <span class='ocrx_word' id='word_1_169' title='bbox 157 2790 214 2830; x_wconf 81' lang='lat' dir='ltr'>seu</span> <span class='ocrx_word' id='word_1_170' title='bbox 237 2774 321 2830; x_wconf 88' lang='lat' dir='ltr'>initio</span> <span class='ocrx_word' id='word_1_171' title='bbox 345 2775 549 2846; x_wconf 79' lang='lat' dir='ltr'>responsionis</span> <span class='ocrx_word' id='word_1_172' title='bbox 574 2774 609 2828; x_wconf 87' lang='lat' dir='ltr'>ad</span> <span class='ocrx_word' id='word_1_173' title='bbox 635 2775 781 2829; x_wconf 86' lang='lat' dir='ltr'>Comitem</span> <span class='ocrx_word' id='word_1_174' title='bbox 807 2777 987 2842; x_wconf 80' lang='lat' dir='ltr'>interseras,</span> <span class='ocrx_word' id='word_1_175' title='bbox 1013 2785 1043 2830; x_wconf 85' lang='lat' dir='ltr'>te</span> <span class='ocrx_word' id='word_1_176' title='bbox 1061 2778 1126 2847; x_wconf 87' lang='lat' dir='ltr'>qui.</span> 
     </span>
     <span class='ocr_line' id='line_1_24' title="bbox 60 2862 1124 2937; baseline 0 -17"><span class='ocrx_word' id='word_1_177' title='bbox 60 2865 133 2920; x_wconf 83' lang='lat' dir='ltr'>dem</span> <span class='ocrx_word' id='word_1_178' title='bbox 155 2874 221 2921; x_wconf 78' lang='lat' dir='ltr'>ente</span> <span class='ocrx_word' id='word_1_179' title='bbox 246 2864 317 2921; x_wconf 88' lang='lat' dir='ltr'>satis</span> <span class='ocrx_word' id='word_1_180' title='bbox 333 2862 488 2919; x_wconf 83' lang='lat' dir='ltr'>humiliter</span> <span class='ocrx_word' id='word_1_181' title='bbox 504 2875 637 2920; x_wconf 83' lang='lat' dir='ltr'>tentasse</span> <span class='ocrx_word' id='word_1_182' title='bbox 659 2882 780 2937; x_wconf 83' lang='lat' dir='ltr'>pacem,</span> <span class='ocrx_word' id='word_1_183' title='bbox 802 2882 908 2920; x_wconf 84' lang='lat' dir='ltr'>verum</span> <span class='ocrx_word' id='word_1_184' title='bbox 927 2866 1066 2937; x_wconf 80' lang='lat' dir='ltr'>quoniam</span> <span class='ocrx_word' id='word_1_185' title='bbox 1084 2866 1124 2923; x_wconf 80' lang='lat' dir='ltr'>ita</span> 
     </span>
     <span class='ocr_line' id='line_1_25' title="bbox 58 2955 1123 3026; baseline -0.001 -15"><span class='ocrx_word' id='word_1_186' title='bbox 58 2955 294 3024; x_wconf 81' lang='lat' dir='ltr'>tumultuantur,</span> <span class='ocrx_word' id='word_1_187' title='bbox 319 2971 377 3009; x_wconf 88' lang='lat' dir='ltr'>nec</span> <span class='ocrx_word' id='word_1_188' title='bbox 402 2971 508 3026; x_wconf 89' lang='lat' dir='ltr'>pacem</span> <span class='ocrx_word' id='word_1_189' title='bbox 533 2955 656 3023; x_wconf 87' lang='lat' dir='ltr'>volunt,</span> <span class='ocrx_word' id='word_1_190' title='bbox 679 2966 708 3010; x_wconf 88' lang='lat' dir='ltr'>te</span> <span class='ocrx_word' id='word_1_191' title='bbox 732 2972 853 3026; x_wconf 88' lang='lat' dir='ltr'>quoque</span> <span class='ocrx_word' id='word_1_192' title='bbox 878 2956 961 3025; x_wconf 80' lang='lat' dir='ltr'>cogi,</span> <span class='ocrx_word' id='word_1_193' title='bbox 981 2956 1044 3025; x_wconf 92' lang='lat' dir='ltr'>jam</span> <span class='ocrx_word' id='word_1_194' title='bbox 1061 2973 1123 3010; x_wconf 92' lang='lat' dir='ltr'>non</span> 
     </span>
     <span class='ocr_line' id='line_1_26' title="bbox 58 3044 1122 3117; baseline -0.001 -15"><span class='ocrx_word' id='word_1_195' title='bbox 58 3044 231 3115; x_wconf 87' lang='lat' dir='ltr'>humiliter,</span> <span class='ocrx_word' id='word_1_196' title='bbox 263 3044 318 3101; x_wconf 90' lang='lat' dir='ltr'>sed</span> <span class='ocrx_word' id='word_1_197' title='bbox 342 3045 428 3116; x_wconf 87' lang='lat' dir='ltr'>piane</span> <span class='ocrx_word' id='word_1_198' title='bbox 453 3055 483 3099; x_wconf 87' lang='lat' dir='ltr'>et</span> <span class='ocrx_word' id='word_1_199' title='bbox 503 3044 585 3114; x_wconf 87' lang='lat' dir='ltr'>juste</span> <span class='ocrx_word' id='word_1_200' title='bbox 613 3061 677 3099; x_wconf 89' lang='lat' dir='ltr'>rem</span> <span class='ocrx_word' id='word_1_201' title='bbox 702 3062 824 3113; x_wconf 82' lang='lat' dir='ltr'>gerere,</span> <span class='ocrx_word' id='word_1_202' title='bbox 852 3055 940 3116; x_wconf 84' lang='lat' dir='ltr'>teque</span> <span class='ocrx_word' id='word_1_203' title='bbox 968 3045 1122 3117; x_wconf 81' lang='lat' dir='ltr'>poenitere</span> 
     </span>
     <span class='ocr_line' id='line_1_27' title="bbox 54 3133 1122 3206; baseline -0.003 -13"><span class='ocrx_word' id='word_1_204' title='bbox 54 3138 213 3206; x_wconf 76' lang='lat' dir='ltr'>frustratae</span> <span class='ocrx_word' id='word_1_205' title='bbox 230 3133 417 3191; x_wconf 82' lang='lat' dir='ltr'>humilitatis.</span> <span class='ocrx_word' id='word_1_206' title='bbox 451 3135 633 3190; x_wconf 84' lang='lat' dir='ltr'>Passavantii</span> <span class='ocrx_word' id='word_1_207' title='bbox 650 3134 776 3202; x_wconf 84' lang='lat' dir='ltr'>librum,</span> <span class='ocrx_word' id='word_1_208' title='bbox 803 3151 864 3189; x_wconf 89' lang='lat' dir='ltr'>non</span> <span class='ocrx_word' id='word_1_209' title='bbox 881 3135 911 3189; x_wconf 89' lang='lat' dir='ltr'>in</span> <span class='ocrx_word' id='word_1_210' title='bbox 929 3143 977 3203; x_wconf 90' lang='lat' dir='ltr'>te,</span> <span class='ocrx_word' id='word_1_211' title='bbox 996 3136 1048 3189; x_wconf 86' lang='lat' dir='ltr'>sed</span> <span class='ocrx_word' id='word_1_212' title='bbox 1065 3135 1122 3190; x_wconf 84' lang='lat' dir='ltr'>snb</span> 
     </span>
     <span class='ocr_line' id='line_1_28' title="bbox 54 3222 1122 3295; baseline -0.002 -12"><span class='ocrx_word' id='word_1_213' title='bbox 54 3238 112 3284; x_wconf 87' lang='lat' dir='ltr'>tuo</span> <span class='ocrx_word' id='word_1_214' title='bbox 136 3225 256 3281; x_wconf 78' lang='lat' dir='ltr'>nomine</span> <span class='ocrx_word' id='word_1_215' title='bbox 283 3226 314 3280; x_wconf 88' lang='lat' dir='ltr'>in</span> <span class='ocrx_word' id='word_1_216' title='bbox 339 3240 397 3281; x_wconf 83' lang='lat' dir='ltr'>nos</span> <span class='ocrx_word' id='word_1_217' title='bbox 423 3238 529 3279; x_wconf 88' lang='lat' dir='ltr'>omnes</span> <span class='ocrx_word' id='word_1_218' title='bbox 554 3222 786 3279; x_wconf 67' lang='lat' dir='ltr'>virulentissime</span> <span class='ocrx_word' id='word_1_219' title='bbox 811 3223 956 3295; x_wconf 77' lang='lat' dir='ltr'>scriptum</span> <span class='ocrx_word' id='word_1_220' title='bbox 981 3223 1066 3279; x_wconf 86' lang='lat' dir='ltr'>acido</span> <span class='ocrx_word' id='word_1_221' title='bbox 1092 3234 1122 3281; x_wconf 86' lang='lat' dir='ltr'>et</span> 
     </span>
     <span class='ocr_line' id='line_1_29' title="bbox 56 3313 1121 3382; baseline -0.004 -9"><span class='ocrx_word' id='word_1_222' title='bbox 56 3332 161 3373; x_wconf 81' lang='lat' dir='ltr'>amaro</span> <span class='ocrx_word' id='word_1_223' title='bbox 173 3315 271 3371; x_wconf 83' lang='lat' dir='ltr'>animo</span> <span class='ocrx_word' id='word_1_224' title='bbox 279 3354 289 3382; x_wconf 93' lang='lat'>,</span> <span class='ocrx_word' id='word_1_225' title='bbox 306 3330 464 3370; x_wconf 83' lang='lat' dir='ltr'>exsecror.</span> <span class='ocrx_word' id='word_1_226' title='bbox 499 3313 555 3369; x_wconf 85' lang='lat' dir='ltr'>Sed</span> <span class='ocrx_word' id='word_1_227' title='bbox 569 3314 649 3369; x_wconf 86' lang='lat' dir='ltr'>dabit</span> <span class='ocrx_word' id='word_1_228' title='bbox 663 3314 749 3369; x_wconf 81' lang='lat' dir='ltr'>Deus</span> <span class='ocrx_word' id='word_1_229' title='bbox 762 3314 956 3369; x_wconf 86' lang='lat' dir='ltr'>occasionem</span> <span class='ocrx_word' id='word_1_230' title='bbox 968 3313 1121 3382; x_wconf 84' lang='lat' dir='ltr'>reddendi,</span> 
     </span>
     <span class='ocr_line' id='line_1_30' title="bbox 56 3404 1122 3479; baseline 0.003 -20"><span class='ocrx_word' id='word_1_231' title='bbox 56 3405 142 3479; x_wconf 83' lang='lat' dir='ltr'>quod</span> <span class='ocrx_word' id='word_1_232' title='bbox 160 3417 301 3461; x_wconf 85' lang='lat' dir='ltr'>meretur.</span> <span class='ocrx_word' id='word_1_233' title='bbox 337 3404 461 3460; x_wconf 86' lang='lat' dir='ltr'>Interim</span> <span class='ocrx_word' id='word_1_234' title='bbox 479 3405 544 3459; x_wconf 84' lang='lat' dir='ltr'>vale</span> <span class='ocrx_word' id='word_1_235' title='bbox 566 3406 599 3459; x_wconf 86' lang='lat' dir='ltr'>&#39;et</span> <span class='ocrx_word' id='word_1_236' title='bbox 625 3405 718 3458; x_wconf 81' lang='lat' dir='ltr'>saluta</span> <span class='ocrx_word' id='word_1_237' title='bbox 742 3421 848 3458; x_wconf 88' lang='lat' dir='ltr'>omnes</span> <span class='ocrx_word' id='word_1_238' title='bbox 871 3415 949 3460; x_wconf 85' lang='lat' dir='ltr'>tuos.</span> <span class='ocrx_word' id='word_1_239' title='bbox 984 3405 1122 3462; x_wconf 86' lang='lat' dir='ltr'>Tentatio</span> 
     </span>
     <span class='ocr_line' id='line_1_31' title="bbox 54 3493 1122 3553; baseline -0.002 -1"><span class='ocrx_word' id='word_1_240' title='bbox 54 3496 136 3553; x_wconf 83' lang='lat' dir='ltr'>haec</span> <span class='ocrx_word' id='word_1_241' title='bbox 159 3497 247 3552; x_wconf 84' lang='lat' dir='ltr'>cedet</span> <span class='ocrx_word' id='word_1_242' title='bbox 267 3496 320 3551; x_wconf 89' lang='lat' dir='ltr'>tibi</span> <span class='ocrx_word' id='word_1_243' title='bbox 348 3495 378 3550; x_wconf 89' lang='lat' dir='ltr'>in</span> <span class='ocrx_word' id='word_1_244' title='bbox 402 3494 526 3550; x_wconf 88' lang='lat' dir='ltr'>bonum.</span> <span class='ocrx_word' id='word_1_245' title='bbox 560 3493 670 3550; x_wconf 85' lang='lat' dir='ltr'>Salutat</span> <span class='ocrx_word' id='word_1_246' title='bbox 690 3504 776 3552; x_wconf 82' lang='lat' dir='ltr'>teet</span> <span class='ocrx_word' id='word_1_247' title='bbox 800 3493 903 3550; x_wconf 83' lang='lat' dir='ltr'>Elsam</span> <span class='ocrx_word' id='word_1_248' title='bbox 928 3507 1006 3550; x_wconf 89' lang='lat' dir='ltr'>tuam</span> <span class='ocrx_word' id='word_1_249' title='bbox 1024 3495 1122 3552; x_wconf 85' lang='lat' dir='ltr'>Ketha</span> 
     </span>
     <span class='ocr_line' id='line_1_32' title="bbox 57 3583 625 3658; baseline -0.007 -14"><span class='ocrx_word' id='word_1_250' title='bbox 57 3604 139 3644; x_wconf 87' lang='lat' dir='ltr'>mea.</span> <span class='ocrx_word' id='word_1_251' title='bbox 173 3588 200 3647; x_wconf 87' lang='lat'>9.</span> <span class='ocrx_word' id='word_1_252' title='bbox 218 3583 420 3658; x_wconf 81' lang='lat' dir='ltr'>Septembris,</span> <span class='ocrx_word' id='word_1_253' title='bbox 438 3583 625 3640; x_wconf 81' lang='lat' dir='ltr'><strong>MDXXIX.</strong></span> 
     </span>
     <span class='ocr_line' id='line_1_33' title="bbox 733 3671 1088 3730; baseline 0.003 -1"><span class='ocrx_word' id='word_1_254' title='bbox 733 3672 773 3729; x_wconf 87' lang='lat' dir='ltr'>T.</span> <span class='ocrx_word' id='word_1_255' title='bbox 792 3671 943 3730; x_wconf 85' lang='lat' dir='ltr'>Martinus</span> <span class='ocrx_word' id='word_1_256' title='bbox 961 3672 1088 3730; x_wconf 85' lang='lat' dir='ltr'>Luther.</span> 
     </span>
    </p>
   </div>
   <div class='ocr_carea' id='block_1_7' title="bbox 106 3842 630 3915">
    <p class='ocr_par' dir='ltr' id='par_1_7' title="bbox 106 3842 630 3915">
     <span class='ocr_line' id='line_1_34' title="bbox 106 3842 630 3915; baseline -0.008 -6"><span class='ocrx_word' id='word_1_257' title='bbox 106 3861 128 3915; x_wconf 83' lang='lat'>¹)</span> <span class='ocrx_word' id='word_1_258' title='bbox 142 3860 226 3909; x_wconf 61' lang='lat' dir='ltr'>mont.</span> <span class='ocrx_word' id='word_1_259' title='bbox 239 3859 264 3911; x_wconf 79' lang='lat' dir='ltr'>tt.</span> <span class='ocrx_word' id='word_1_260' title='bbox 279 3868 360 3905; x_wconf 78' lang='lat' dir='ltr'>acuet.</span> <span class='ocrx_word' id='word_1_261' title='bbox 426 3859 449 3911; x_wconf 83' lang='grc'>2)</span> <span class='ocrx_word' id='word_1_262' title='bbox 464 3842 544 3907; x_wconf 70' lang='lat' dir='ltr'>sein.</span> <span class='ocrx_word' id='word_1_263' title='bbox 558 3857 583 3911; x_wconf 77' lang='lat' dir='ltr'>st.</span> <span class='ocrx_word' id='word_1_264' title='bbox 596 3859 630 3905; x_wconf 83' lang='lat' dir='ltr'>et.</span> 
     </span>
    </p>
   </div>
   <div class='ocr_carea' id='block_1_8' title="bbox 59 3965 291 3982">
    <p class='ocr_par' dir='ltr' id='par_1_8' title="bbox 59 3965 291 3982">
     <span class='ocr_line' id='line_1_35' title="bbox 59 3965 291 3982; baseline -0.009 -3"><span class='ocrx_word' id='word_1_265' title='bbox 59 3965 291 3982; x_wconf 51' lang='lat' dir='ltr'>„n—</span> 
     </span>
    </p>
   </div>
   <div class='ocr_carea' id='block_1_9' title="bbox 104 4026 620 4088">
    <p class='ocr_par' dir='ltr' id='par_1_9' title="bbox 104 4026 620 4088">
     <span class='ocr_line' id='line_1_36' title="bbox 104 4026 620 4088; baseline -0.016 -7"><span class='ocrx_word' id='word_1_266' title='bbox 104 4029 133 4081; x_wconf 78' lang='lat'>⁴)</span> <span class='ocrx_word' id='word_1_267' title='bbox 147 4029 181 4081; x_wconf 74' lang='grc' dir='ltr'>Ε.</span> <span class='ocrx_word' id='word_1_268' title='bbox 194 4027 348 4078; x_wconf 72' lang='lat' dir='ltr'>sennenn</span> <span class='ocrx_word' id='word_1_269' title='bbox 357 4026 383 4076; x_wconf 74' lang='lat'>1.</span> <span class='ocrx_word' id='word_1_270' title='bbox 398 4027 427 4076; x_wconf 81' lang='grc' dir='ltr'>ΙΙ.</span> <span class='ocrx_word' id='word_1_271' title='bbox 440 4027 460 4085; x_wconf 76' lang='lat' dir='ltr'>i.</span> <span class='ocrx_word' id='word_1_272' title='bbox 473 4028 507 4079; x_wconf 79' lang='lat' dir='ltr'>tt.</span> <span class='ocrx_word' id='word_1_273' title='bbox 520 4027 583 4088; x_wconf 71' lang='lat' dir='ltr'>Adri.</span> <span class='ocrx_word' id='word_1_274' title='bbox 595 4039 620 4075; x_wconf 88' lang='lat' dir='ltr'>n.</span> 
     </span>
    </p>
   </div>
   <div class='ocr_carea' id='block_1_10' title="bbox 0 0 1284 4726">
    <p class='ocr_par' dir='ltr' id='par_1_10' title="bbox 0 0 1284 4726">
     <span class='ocr_line' id='line_1_37' title="bbox 0 0 1284 4726; baseline 0 0"><span class='ocrx_word' id='word_1_275' title='bbox 0 0 1284 4726; x_wconf 95' lang='lat' dir='ltr'> </span> 
     </span>
    </p>
   </div>
  </div>
 </body>
</html>
