2558 5048
548 666 639 733 1529.
885 695 887 700 ·
1058 653 1120 728 479

112 818 232 882 ,Turcs
253 820 361 877 dicitur
384 837 453 878 esse
477 819 507 876 in
524 819 671 889 Hungaria
696 819 808 876 infinito
821 799 977 874 exercitu.
1013 814 1120 872 Gratia

57 908 123 964 Dei
148 922 258 965 tecum.
293 910 389 966 Saluta
408 912 521 966 llevsm
546 923 635 966 tuam.
669 911 778 965 Salutat
802 921 832 964 te
849 907 947 964 lietha
965 923 1041 962 meo.
1075 906 1119 963 D.

57 997 534 1068 to..tut.,a.ctn.MDxx1x.
615 1066 617 1070 ¹

834 1075 841 1105 Ι

95 1417 138 1471 to.
158 1410 298 1481 snum.
506 1368 510 1391 ⁸
851 1411 909 1470 No.
925 1410 1086 1471 mcxxv.

391 1578 440 1649 ltu
475 1576 785 1660 illustrissimi.

259 1751 321 1804 elne
334 1753 593 1807 sumtttmvsteotlot
607 1757 653 1802 unt
666 1755 747 1802 mitte
761 1751 921 1808 steulntelttn.

517 1909 660 1926 m

122 2028 497 2083 animumanimum.
511 2030 603 2082 &562-
628 2027 998 2087 ‘Brnstrolrel-llanuerp.
1013 2029 1058 2080 151.

390 2102 541 2156 muttum
553 2102 643 2154 welo
656 2102 720 2149 xxi,
734 2104 791 2151 1173.

62 2234 119 2325 G·
147 2290 178 2336 et
193 2278 230 2338 1¹0·
263 2279 314 2338 Ex
337 2281 431 2340 literis
456 2283 514 2339 tuis
540 2283 688 2357 proximis
714 2269 862 2352 intelligo,
885 2281 928 2336 mi
948 2277 1122 2348 Amsdotli‚

62 2361 146 2424 meas
163 2370 213 2425 tibi
230 2388 291 2429 non
308 2372 435 2428 redditae
453 2390 539 2443 esse,
558 2374 589 2427 in
606 2373 714 2445 quibus
732 2384 762 2427 te
778 2383 895 2427 uertunt
911 2369 984 2438 feci,
1002 2371 1122 2425 Docto.

63 2476 129 2514 rem
146 2461 311 2517 Teutleben
329 2463 438 2518 iacntm
455 2479 523 2518 esse
540 2472 624 2518 tuum
643 2461 775 2530 allinem,
801 2472 831 2516 et
846 2460 987 2532 Sophiam
997 2498 1007 2527 ‚
1034 2475 1123 2514 soro..

63 2565 128 2604 rem
146 2560 250 2617 tuam‚'
269 2567 410 2622 sponsam
435 2551 499 2623 ejus
517 2552 641 2619 factam,
667 2552 782 2611 favente
804 2549 892 2605 etism
911 2560 942 2605 et
958 2548 1122 2618 gratulante

62 2638 129 2710 ipss
145 2639 277 2695 Domina
293 2640 434 2713 Principe
452 2641 618 2695 Catharina.
652 2640 752 2696 Rediit
769 2639 847 2695 euim
862 2639 955 2694 laetus
973 2653 1001 2691 et
1012 2637 1123 2708 jucun.

62 2731 138 2796 dus,
162 2731 268 2802 plenus
286 2747 387 2785 amore
405 2740 435 2786 et
450 2733 541 2801 gratia
559 2732 587 2786 in
605 2747 747 2803 sponsam
764 2746 867 2799 suom,
891 2746 980 2802 quam
999 2726 1122 2783 mirifice

64 2819 163 2875 laudat
187 2829 218 2876 et
234 2821 349 2893 probet.
383 2820 437 2876 His
455 2821 545 2875 rebus
560 2820 696 2893 ¹feliciter
718 2819 810 2890 gestis
836 2821 870 2874 sd
893 2832 1005 2891 patrem
1023 2817 1124 2891 prole.

61 2921 130 2965 ctus
154 2922 217 2979 est,
243 2910 467 2981 compositurus
484 2927 533 2966 res
552 2926 621 2965 suas
632 2951 642 2979 ‚
668 2924 695 2964 et
712 2911 749 2964 de
766 2921 932 2980 nuptiarum
953 2910 1123 2964 dictracta.

59 3009 160 3055 turus.
194 2999 275 3055 Nam
292 3000 426 3055 solicitus
445 3009 489 3054 est
508 2999 537 3052 in
556 2999 614 3053 luto
632 3016 681 3063 re,
706 3000 786 3069 quod
805 2999 831 3053 iu
849 3000 914 3052 aula
931 2999 1048 3071 nuptias
1064 2997 1121 3055 sibi

61 3090 158 3161 parari
177 3101 272 3144 narrat
290 3106 359 3144 cum
385 3090 448 3145 eliis
466 3090 578 3143 duabus
601 3089 688 3145 simul
714 3090 750 3144 ad
772 3090 849 3143 diem
867 3089 1001 3144 Martini.
1036 3088 1122 3145 lianc

62 3196 181 3234 morsm
204 3189 234 3234 et
259 3179 316 3251 ipsi
334 3190 364 3234 et
381 3195 508 3251 sponsae
525 3195 645 3248 gravem
664 3195 732 3234 esse
750 3179 841 3248 dicit,
863 3180 1024 3256 malletque
1043 3191 1123 3235 uter.

63 3284 126 3339 quc
150 3278 234 3322 extra
258 3269 354 3322 aulam
379 3268 494 3339 nuptias
511 3267 659 3322 maturari.
697 3268 801 3323 Veniet
827 3269 861 3322 ad
888 3279 917 3323 te
938 3286 1059 3340 quoque
1084 3270 1121 3323 de

62 3357 112 3413 lais
126 3358 212 3412 rebus
225 3358 428 3412 consulturus.
463 3358 554 3414 Nosti
567 3374 682 3411 moram
699 3358 865 3412 amantibus
883 3374 949 3412 esse
963 3360 1123 3413 molestam
1142 3366 1146 3373 “

63 3458 95 3502 ct
112 3446 266 3518 aliquando
285 3447 494 3520 periculosam.
528 3446 599 3502 Vale
618 3446 648 3501 in
663 3447 798 3501 Domino
816 3460 845 3502 et
861 3464 913 3502 ors
930 3465 986 3519 pro
1004 3464 1063 3503 mc.

130 3577 275 3650 Princeps
291 3577 384 3632 hodie
401 3577 533 3645 Totgam
553 3575 627 3629 redit
643 3591 713 3629 cum
730 3585 789 3630 tota
809 3576 884 3630 aula.
917 3575 957 3631 Et
976 3576 1123 3632 Csrolsta.

61 3668 131 3722 dius
150 3668 247 3722 denuo
265 3667 338 3739 petit
359 3666 480 3736 gratiam
504 3664 664 3730 redeundi,
690 3663 742 3719 sed
760 3664 972 3722 semihumilis:
998 3667 1121 3735 nescio,

61 3757 134 3830 quid
161 3757 280 3813 faciam:
308 3754 429 3810 miseret
453 3771 501 3808 me
527 3755 631 3808 uxoris
657 3762 686 3806 et
709 3752 883 3810 liberorum.
915 3755 1122 3827 Certissimum

62 3864 134 3903 esse
151 3846 271 3915 dicunt,
295 3863 335 3904 ex
351 3845 476 3902 Polouia
493 3845 628 3900 'furcam
646 3842 823 3912 adventare,
843 3844 967 3916 jamque
993 3847 1123 3916 attigisse

63 3940 245 4007 Hungoriam
270 3936 384 3994 infinito
409 3936 553 3992 exercitu.
587 3934 684 3989 Datae
709 3932 844 3990 Witcnb.
863 3940 912 3991 to.
927 3937 1018 4005 sulti,
1045 3955 1121 3993 anno

62 4028 251 4088 MDXXlX.

701 4127 742 4186 T.
763 4127 910 4186 Martinus
926 4130 1088 4189 Luthettts.
