2558 4726
549 339 640 410 1527.
1054 338 1114 406 219

60 502 65 509 ’
138 497 199 582 ιΑιί
214 498 386 572 Nicolaum
402 500 667 569 Housmannam,
684 472 881 576 Episcopum
898 497 1043 570 (typum
1112 575 1116 581 Ι

503 587 677 645 Ecclesiae.

55 683 211 805 Gratiam
226 741 257 788 et
268 751 372 805 paoem
384 737 412 790 in
423 735 554 791 Christo.
588 734 720 791 Visitatio
733 743 840 806 coepta
850 751 911 788 non
924 730 1121 815 relinquetur,

54 827 105 879 ml
124 819 269 891 Nicolae,
287 837 430 894 quantum
447 842 501 893 ego
519 824 670 892 intellexi,
689 824 754 879 ideo
772 823 848 879 bene
865 836 1040 895 speremus,
1063 820 1121 876 eti.‘

56 911 140 983 amsi
157 911 316 983 loquantur
331 914 488 969 adversarii
507 925 703 986 quaecunque
720 914 879 968 voluerint.
913 911 981 967 Nos
997 909 1048 966 hio
1064 911 1123 982 ρι’

55 1010 144 1069 §teta
168 1017 321 1073 speramus
347 1000 439 1072 liniri,
464 1005 532 1059 lieet
552 1006 631 1058 varic
656 1021 712 1058 nos
738 1002 802 1075 ipsa
827 1011 934 1057 vexet:
960 1001 1115 1072 aliquando

54 1088 176 1159 nevit,
200 1090 355 1161 aliquando
371 1093 511 1148 mitescit.
542 1093 659 1148 Pavore
683 1092 766 1146 vario
791 1103 943 1159 tenemur,
969 1106 1024 1160 ego
1049 1105 1117 1146 mea

58 1179 245 1249 tentatione,
263 1181 368 1236 deinde
384 1183 568 1255 solicitudine
585 1199 640 1275 pro
658 1198 753 1257 uxore
768 1181 864 1236 vicina
883 1180 991 1252 partui:
1010 1189 1041 1235 tu
1058 1196 1116 1251 pro

58 1268 157 1326 nobis
179 1287 239 1326 ora.
272 1271 395 1327 Pestem
418 1272 448 1328 in
466 1274 556 1328 domo
572 1273 662 1328 habui
685 1283 744 1328 ter:
771 1272 878 1327 filiolus
901 1272 972 1349 plus!
995 1271 1116 1327 octiduo

62 1360 245 1429 aegrotavit,
272 1370 304 1413 ut
322 1361 393 1416 nihil
413 1363 528 1431 ederet,
554 1363 620 1418 solo
638 1373 711 1433 potu
726 1361 835 1430 alitus,
859 1361 1113 1444 ntidesperarem:

60 1464 147 1505 nunc
165 1447 264 1521 incipit
281 1451 387 1506 melius
405 1451 525 1506 habere.
559 1450 626 1522 Ego
644 1462 817 1522 tempestate
836 1460 866 1506 et
882 1450 1116 1522 pusillanimitate

59 1538 185 1610 spiritus
202 1556 281 1593 nune
298 1541 398 1594 multis
415 1541 568 1594 mensibus
586 1557 693 1610 angor,
718 1541 838 1595 Christo
854 1540 899 1594 eie
920 1540 1055 1595 volente:
1082 1547 1116 1594 tu
1216 1595 1217 1599 ,

57 1645 136 1697 ora,
162 1639 271 1683 utnon
297 1628 416 1693 deficiat
435 1630 507 1686 fides
523 1646 599 1686 mea.
628 1630 731 1700 *Ketlta
747 1635 886 1701 mea'pro
912 1631 989 1685 lineo
1016 1646 1113 1701 panno

59 1706 195 1774 emendo
211 1720 298 1775 mittit
314 1721 418 1775 nescio
437 1721 508 1793 quid
530 1719 685 1793 pecuniae:
711 1738 765 1789 ego
785 1721 864 1789 nolui
889 1730 918 1774 tc
935 1721 995 1776 hoo
1024 1734 1116 1791 opere

58 1824 198 1880 gravare.
232 1810 339 1865 Salutat
357 1821 386 1865 te
407 1809 589 1865 Pomeranus
606 1827 694 1881 quam
717 1809 951 1877 officiosissime,
974 1809 1049 1880 apud
1066 1792 1117 1865 inc

34 1897 220 1966 'habitans‚
246 1911 380 1954 nontam
398 1900 443 1956 sui
459 1915 546 1972 quam
562 1900 621 1955 mei
640 1914 743 1966 carisa,
768 1899 839 1955 licet
856 1899 885 1954 in
903 1898 1048 1954 Paroclria
1066 1915 1118 1968 pe.

62 1990 122 2047 etin
139 1989 287 2061 Capeliani
305 2007 430 2044 uxorem
449 1980 565 2059 tulerit,
581 2001 615 2046 ut
631 1989 767 2046 solatium
786 1989 950 2045 solitudinis
967 2005 1051 2043 meac
1067 1988 1116 2044 sit.

63 2078 166 2137 Ketha
192 2080 279 2135 etiam
296 2080 401 2135 salutat
418 2090 465 2148 te,
488 2091 518 2136 et
539 2095 608 2136 aeae
625 2078 764 2152 precibus
789 2080 846 2136 tuis
871 2077 1060 2135 commendat
1085 2077 1117 2135 in

64 2167 193 2225 Christo
208 2166 295 2224 desa.
329 2167 413 2232 Vale,
430 2167 606 2225 charissime
624 2171 723 2225 trater.
756 2167 837 2224 Feria
852 2171 878 2224 5.
896 2179 967 2240 post
983 2167 1118 2225 omnim

63 2260 266 2325 Sanctorum,
283 2274 358 2313 anno
375 2256 572 2315 MDxxle.
956 2245 958 2248 ’

697 2347 737 2404 Τ.
754 2345 903 2404 hiattinue
920 2346 1083 2411 Lethe-rus.

98 2670 128 2730 9.
145 2663 342 2728 attentet.
794 2664 846 2721 Ne
867 2663 1082 2720 Dccccxm.

325 2801 374 2870 tta
396 2799 574 2870 unirent
596 2797 859 2879 territaret.

237 2941 391 2996 ernatnnnn
405 2939 649 2996 reconciliatione
662 2941 707 2988 ntt
719 2944 760 2989 ten
773 2942 958 2996 anctoritatem·
1010 3001 1014 3007 Ι

406 3152 456 3201 aas
469 3154 518 3200 brat
532 3151 591 3200 cod.
603 3152 657 3199 Jcn.
670 3152 696 3199 B.
709 3154 743 3203 tt
757 3166 780 3200 n.

66 3264 124 3353 G·
141 3317 170 3363 et
182 3324 286 3380 pacem
300 3308 329 3364 in
342 3308 487 3366 Domino.
521 3310 631 3383 Scripsi
644 3320 674 3365 et
685 3321 768 3366 antea
781 3309 814 3364 ad
828 3319 871 3375 te,
883 3305 912 3377 ')
928 3306 967 3360 mi
982 3306 1115 3375 Andrea,

66 3401 106 3454 de
126 3400 300 3471 quaestione
325 3399 401 3453 inter
418 3411 445 3454 te
471 3411 500 3454 et
518 3402 761 3455 concionatorem
777 3399 929 3454 -Junonem
954 3397 982 3451 in
1003 3395 1130 3468 templo'

66 3501 136 3544 ante
163 3505 279 3556 arcem,
304 3498 337 3543 ut
361 3505 417 3561 pax
440 3500 469 3545 et
494 3490 621 3544 charitas
647 3489 722 3544 inter
744 3506 800 3544 vos
819 3488 991 3546 firmaretur.
1023 3486 1115 3542 Nunc

67 3582 179 3634 iterum
204 3579 340 3634 scribere
365 3579 460 3648 cogit,
486 3581 567 3650 quod
590 3579 714 3634 relatum
739 3588 783 3633 est
807 3577 896 3645 mihi,
927 3588 955 3631 et
980 3593 1049 3652 cum
1066 3575 1113 3631 M.

67 3670 196 3739 Aegidio
213 3670 262 3726 tibi
279 3686 340 3724 non
356 3669 532 3735 convenire,
555 3679 694 3740 ortasque
711 3683 778 3723 csse
799 3666 947 3724 intervos
964 3666 1115 3738 querelas,

66 3761 201 3816 maxime
228 3770 329 3815 eontra
352 3769 399 3827 te,
424 3758 506 3830 quasi
531 3775 632 3830 parom
657 3757 824 3813 humaniter
848 3767 877 3812 et
901 3759 1027 3811 fraterne
1045 3746 1115 3811 cu'm

68 3868 109 3904 eo
128 3866 211 3918 agas,
229 3863 357 3903 onerans
368 3863 434 3901 eum
452 3847 552 3901 nescio
564 3864 620 3918 qua
637 3847 752 3902 invidia.
783 3846 833 3903 Tu
851 3863 944 3917 vero,
960 3845 1001 3901 mi
1016 3846 1115 3914 frater,

118 4017 402 4072 'leaenarum‘
422 4014 627 4064 lloncccm
699 4062 715 4073 „
751 4020 754 4027 ’
