<?xml version="1.0" encoding="UTF-8"?>
<!DOCTYPE html PUBLIC "-//W3C//DTD XHTML 1.0 Transitional//EN"
    "http://www.w3.org/TR/xhtml1/DTD/xhtml1-transitional.dtd">
<html xmlns="http://www.w3.org/1999/xhtml" xml:lang="en" lang="en">
 <head>
  <title>
</title>
<meta http-equiv="Content-Type" content="text/html;charset=utf-8" />
  <meta name='ocr-system' content='tesseract 3.04.00' />
  <meta name='ocr-capabilities' content='ocr_page ocr_carea ocr_par ocr_line ocrx_word'/>
</head>
<body>
  <div class='ocr_page' id='page_1' title='image "./briefesendschre06luthgoog/briefesendschre06luthgoog_0288.png"; bbox 0 0 2558 5048; ppageno 0'>
   <div class='ocr_carea' id='block_1_1' title="bbox 93 710 1114 944">
    <p class='ocr_par' dir='ltr' id='par_1_1' title="bbox 93 710 1114 944">
     <span class='ocr_line' id='line_1_1' title="bbox 544 710 1114 788; baseline -0.007 -3"><span class='ocrx_word' id='word_1_1' title='bbox 544 717 634 788; x_wconf 72' lang='lat'><strong>1523.</strong></span> <span class='ocrx_word' id='word_1_2' title='bbox 1054 710 1114 781; x_wconf 67' lang='lat'>26³</span> 
     </span>
     <span class='ocr_line' id='line_1_2' title="bbox 93 840 1081 944; baseline -0.011 -8"><span class='ocrx_word' id='word_1_3' title='bbox 93 877 137 937; x_wconf 75' lang='grc'>22.</span> <span class='ocrx_word' id='word_1_4' title='bbox 151 871 301 944; x_wconf 63' lang='lat' dir='ltr'>natast.</span> <span class='ocrx_word' id='word_1_5' title='bbox 321 873 353 943; x_wconf 75' lang='lat'>⁴)</span> <span class='ocrx_word' id='word_1_6' title='bbox 463 840 472 849; x_wconf 32' lang='lat'>⁸</span> <span class='ocrx_word' id='word_1_7' title='bbox 763 871 822 930; x_wconf 73' lang='lat' dir='ltr'>Nf.</span> <span class='ocrx_word' id='word_1_8' title='bbox 839 868 1081 929; x_wconf 75' lang='lat' dir='ltr'>Dccccxuv.</span> 
     </span>
    </p>
   </div>
   <div class='ocr_carea' id='block_1_2' title="bbox 448 1033 744 1121">
    <p class='ocr_par' dir='ltr' id='par_1_2' title="bbox 448 1033 744 1121">
     <span class='ocr_line' id='line_1_3' title="bbox 448 1033 744 1121; baseline -0.017 -13"><span class='ocrx_word' id='word_1_9' title='bbox 448 1037 498 1108; x_wconf 75' lang='lat' dir='ltr'>iis</span> <span class='ocrx_word' id='word_1_10' title='bbox 529 1035 622 1121; x_wconf 69' lang='lat' dir='ltr'>iios</span> <span class='ocrx_word' id='word_1_11' title='bbox 654 1033 744 1120; x_wconf 64' lang='lat' dir='ltr'>fori.</span> 
     </span>
    </p>
   </div>
   <div class='ocr_carea' id='block_1_3' title="bbox 63 1203 1145 1349">
    <p class='ocr_par' dir='ltr' id='par_1_3' title="bbox 63 1203 1145 1349">
     <span class='ocr_line' id='line_1_4' title="bbox 63 1203 1145 1264; baseline 0.002 -6"><span class='ocrx_word' id='word_1_12' title='bbox 63 1209 119 1259; x_wconf 67' lang='lat' dir='ltr'>Sea</span> <span class='ocrx_word' id='word_1_13' title='bbox 132 1207 371 1262; x_wconf 69' lang='lat' dir='ltr'>niontdaitttfdrn</span> <span class='ocrx_word' id='word_1_14' title='bbox 384 1208 548 1264; x_wconf 61' lang='lat' dir='ltr'>manasen</span> <span class='ocrx_word' id='word_1_15' title='bbox 566 1211 591 1258; x_wconf 87' lang='lat' dir='ltr'>tn</span> <span class='ocrx_word' id='word_1_16' title='bbox 606 1211 711 1260; x_wconf 71' lang='lat' dir='ltr'>tiresian</span> <span class='ocrx_word' id='word_1_17' title='bbox 729 1211 776 1258; x_wconf 78' lang='lat' dir='ltr'>ant</span> <span class='ocrx_word' id='word_1_18' title='bbox 794 1209 840 1259; x_wconf 57' lang='lat' dir='ltr'>sti</span> <span class='ocrx_word' id='word_1_19' title='bbox 859 1207 980 1262; x_wconf 67' lang='lat' dir='ltr'>eertum</span> <span class='ocrx_word' id='word_1_20' title='bbox 996 1214 1067 1262; x_wconf 66' lang='lat' dir='ltr'>sista</span> <span class='ocrx_word' id='word_1_21' title='bbox 1083 1203 1118 1252; x_wconf 83' lang='lat' dir='ltr'>sit</span> <span class='ocrx_word' id='word_1_22' title='bbox 1142 1255 1145 1260; x_wconf 89' lang='lat'>.</span> 
     </span>
     <span class='ocr_line' id='line_1_5' title="bbox 371 1283 816 1349; baseline -0.009 -15"><span class='ocrx_word' id='word_1_23' title='bbox 371 1284 564 1349; x_wconf 66' lang='lat' dir='ltr'>&amp;manentiam</span> <span class='ocrx_word' id='word_1_24' title='bbox 576 1287 623 1331; x_wconf 80' lang='lat' dir='ltr'>ant</span> <span class='ocrx_word' id='word_1_25' title='bbox 636 1283 816 1335; x_wconf 61' lang='lat' dir='ltr'>mittendam.</span> 
     </span>
    </p>
   </div>
   <div class='ocr_carea' id='block_1_4' title="bbox 199 1556 983 1620">
    <p class='ocr_par' dir='ltr' id='par_1_4' title="bbox 199 1556 983 1620">
     <span class='ocr_line' id='line_1_6' title="bbox 199 1556 983 1620; baseline 0.006 -11"><span class='ocrx_word' id='word_1_26' title='bbox 199 1562 252 1617; x_wconf 66' lang='lat' dir='ltr'>dim</span> <span class='ocrx_word' id='word_1_27' title='bbox 266 1561 437 1612; x_wconf 76' lang='lat' dir='ltr'>Aurifaier.</span> <span class='ocrx_word' id='word_1_28' title='bbox 450 1564 479 1613; x_wconf 89' lang='lat'>11.</span> <span class='ocrx_word' id='word_1_29' title='bbox 492 1567 539 1614; x_wconf 76' lang='grc'><strong>322.</strong></span> <span class='ocrx_word' id='word_1_30' title='bbox 564 1564 664 1619; x_wconf 73' lang='lat' dir='ltr'>uestita</span> <span class='ocrx_word' id='word_1_31' title='bbox 677 1556 718 1620; x_wconf 72' lang='lat' dir='ltr'>i&#39;td</span> <span class='ocrx_word' id='word_1_32' title='bbox 730 1564 827 1618; x_wconf 60' lang='lat' dir='ltr'>wald</span> <span class='ocrx_word' id='word_1_33' title='bbox 837 1564 912 1613; x_wconf 77' lang='lat' dir='ltr'>xvu.</span> <span class='ocrx_word' id='word_1_34' title='bbox 925 1563 983 1614; x_wconf 74' lang='lat' dir='ltr'>atu.</span> 
     </span>
    </p>
   </div>
   <div class='ocr_carea' id='block_1_5' title="bbox 65 1704 1128 3518">
    <p class='ocr_par' dir='ltr' id='par_1_5' title="bbox 65 1704 1128 3518">
     <span class='ocr_line' id='line_1_7' title="bbox 127 1704 241 1735; baseline 0 -14"><span class='ocrx_word' id='word_1_35' title='bbox 127 1704 144 1735; x_wconf 60' lang='lat'>0</span> <span class='ocrx_word' id='word_1_36' title='bbox 238 1716 241 1721; x_wconf 78' lang='grc'>,</span> 
     </span>
     <span class='ocr_line' id='line_1_8' title="bbox 68 1711 1124 1832; baseline -0.001 -21"><span class='ocrx_word' id='word_1_37' title='bbox 68 1711 216 1814; x_wconf 81' lang='lat' dir='ltr'>Gratiam</span> <span class='ocrx_word' id='word_1_38' title='bbox 232 1769 262 1815; x_wconf 87' lang='lat' dir='ltr'>et</span> <span class='ocrx_word' id='word_1_39' title='bbox 278 1777 385 1832; x_wconf 77' lang='lat' dir='ltr'>pacem</span> <span class='ocrx_word' id='word_1_40' title='bbox 403 1761 433 1816; x_wconf 89' lang='lat' dir='ltr'>in</span> <span class='ocrx_word' id='word_1_41' title='bbox 451 1760 592 1831; x_wconf 88' lang='lat' dir='ltr'>Christo,</span> <span class='ocrx_word' id='word_1_42' title='bbox 618 1762 659 1818; x_wconf 89' lang='lat' dir='ltr'>mi</span> <span class='ocrx_word' id='word_1_43' title='bbox 675 1762 783 1818; x_wconf 78' lang='lat' dir='ltr'>Herse.</span> <span class='ocrx_word' id='word_1_44' title='bbox 817 1760 977 1827; x_wconf 82' lang='lat' dir='ltr'>Monstra,</span> <span class='ocrx_word' id='word_1_45' title='bbox 1004 1756 1040 1811; x_wconf 93' lang='lat' dir='ltr'>de</span> <span class='ocrx_word' id='word_1_46' title='bbox 1060 1753 1124 1830; x_wconf 86' lang='lat' dir='ltr'>qui.</span> 
     </span>
     <span class='ocr_line' id='line_1_9' title="bbox 69 1845 1122 1921; baseline 0.002 -21"><span class='ocrx_word' id='word_1_47' title='bbox 69 1845 129 1902; x_wconf 80' lang='lat' dir='ltr'>irus</span> <span class='ocrx_word' id='word_1_48' title='bbox 145 1848 181 1902; x_wconf 91' lang='lat' dir='ltr'>ad</span> <span class='ocrx_word' id='word_1_49' title='bbox 195 1865 245 1904; x_wconf 85' lang='lat' dir='ltr'>me</span> <span class='ocrx_word' id='word_1_50' title='bbox 263 1851 385 1921; x_wconf 87' lang='lat' dir='ltr'>scribis,</span> <span class='ocrx_word' id='word_1_51' title='bbox 403 1850 542 1907; x_wconf 89' lang='lat' dir='ltr'>Christus</span> <span class='ocrx_word' id='word_1_52' title='bbox 559 1861 663 1907; x_wconf 84' lang='lat' dir='ltr'>noster</span> <span class='ocrx_word' id='word_1_53' title='bbox 677 1851 914 1907; x_wconf 72' lang='lat' dir='ltr'>misericorditer</span> <span class='ocrx_word' id='word_1_54' title='bbox 930 1855 1122 1920; x_wconf 81' lang='lat' dir='ltr'>compescet,</span> 
     </span>
     <span class='ocr_line' id='line_1_10' title="bbox 69 1936 1125 2011; baseline 0 -21"><span class='ocrx_word' id='word_1_55' title='bbox 69 1948 97 1990; x_wconf 89' lang='lat' dir='ltr'>et</span> <span class='ocrx_word' id='word_1_56' title='bbox 111 1936 292 1993; x_wconf 84' lang='lat' dir='ltr'>misereatur·</span> <span class='ocrx_word' id='word_1_57' title='bbox 302 1940 421 1996; x_wconf 88' lang='lat' dir='ltr'>miseris</span> <span class='ocrx_word' id='word_1_58' title='bbox 439 1941 502 1996; x_wconf 88' lang='lat' dir='ltr'>istis</span> <span class='ocrx_word' id='word_1_59' title='bbox 518 1940 689 1997; x_wconf 82' lang='lat' dir='ltr'>hominibus</span> <span class='ocrx_word' id='word_1_60' title='bbox 707 1941 827 1998; x_wconf 80' lang='lat' dir='ltr'>Satanae</span> <span class='ocrx_word' id='word_1_61' title='bbox 844 1938 980 2011; x_wconf 82' lang='lat' dir='ltr'>captivis.</span> <span class='ocrx_word' id='word_1_62' title='bbox 1013 1936 1125 1992; x_wconf 78' lang='lat' dir='ltr'>Similis</span> 
     </span>
     <span class='ocr_line' id='line_1_11' title="bbox 65 2025 1123 2103; baseline 0.002 -23"><span class='ocrx_word' id='word_1_63' title='bbox 65 2037 213 2096; x_wconf 84' lang='lat' dir='ltr'>geruntur</span> <span class='ocrx_word' id='word_1_64' title='bbox 236 2028 267 2082; x_wconf 87' lang='lat' dir='ltr'>in</span> <span class='ocrx_word' id='word_1_65' title='bbox 290 2029 430 2099; x_wconf 82' lang='lat' dir='ltr'>Ravana,</span> <span class='ocrx_word' id='word_1_66' title='bbox 456 2047 513 2085; x_wconf 88' lang='lat' dir='ltr'>nec</span> <span class='ocrx_word' id='word_1_67' title='bbox 539 2031 618 2087; x_wconf 86' lang='lat' dir='ltr'>ferro</span> <span class='ocrx_word' id='word_1_68' title='bbox 641 2048 699 2087; x_wconf 89' lang='lat' dir='ltr'>aec</span> <span class='ocrx_word' id='word_1_69' title='bbox 721 2032 792 2101; x_wconf 76' lang='lat' dir='ltr'>&#39;igne</span> <span class='ocrx_word' id='word_1_70' title='bbox 818 2038 945 2103; x_wconf 86' lang='lat' dir='ltr'>possunt</span> <span class='ocrx_word' id='word_1_71' title='bbox 970 2025 1123 2096; x_wconf 86' lang='lat' dir='ltr'>cohiberi,</span> 
     </span>
     <span class='ocr_line' id='line_1_12' title="bbox 66 2117 1123 2189; baseline 0.005 -19"><span class='ocrx_word' id='word_1_72' title='bbox 66 2117 213 2174; x_wconf 88' lang='lat' dir='ltr'>deserunt</span> <span class='ocrx_word' id='word_1_73' title='bbox 223 2133 333 2173; x_wconf 82' lang='lat' dir='ltr'>uxores</span> <span class='ocrx_word' id='word_1_74' title='bbox 340 2158 351 2188; x_wconf 89' lang='lat'><em>,</em></span> <span class='ocrx_word' id='word_1_75' title='bbox 368 2119 498 2189; x_wconf 88' lang='lat' dir='ltr'>liberos,</span> <span class='ocrx_word' id='word_1_76' title='bbox 516 2120 639 2176; x_wconf 77' lang='lat' dir='ltr'>familias</span> <span class='ocrx_word' id='word_1_77' title='bbox 651 2130 681 2177; x_wconf 92' lang='lat' dir='ltr'>et</span> <span class='ocrx_word' id='word_1_78' title='bbox 692 2121 859 2176; x_wconf 85' lang='lat' dir='ltr'>facultates.</span> <span class='ocrx_word' id='word_1_79' title='bbox 892 2119 940 2174; x_wconf 88' lang='lat' dir='ltr'>Sic</span> <span class='ocrx_word' id='word_1_80' title='bbox 951 2118 1024 2174; x_wconf 90' lang='lat' dir='ltr'>furit</span> <span class='ocrx_word' id='word_1_81' title='bbox 1036 2118 1123 2175; x_wconf 74' lang='lat' dir='ltr'>snus</span> 
     </span>
     <span class='ocr_line' id='line_1_13' title="bbox 67 2207 1126 2279; baseline 0.001 -16"><span class='ocrx_word' id='word_1_82' title='bbox 67 2207 127 2263; x_wconf 86' lang='lat' dir='ltr'>hac</span> <span class='ocrx_word' id='word_1_83' title='bbox 145 2207 239 2277; x_wconf 86' lang='lat' dir='ltr'>hora,</span> <span class='ocrx_word' id='word_1_84' title='bbox 257 2212 339 2266; x_wconf 84' lang='lat' dir='ltr'>velut</span> <span class='ocrx_word' id='word_1_85' title='bbox 354 2211 525 2267; x_wconf 85' lang='lat' dir='ltr'>novissima.</span> <span class='ocrx_word' id='word_1_86' title='bbox 558 2211 640 2268; x_wconf 88' lang='lat' dir='ltr'>Mihi</span> <span class='ocrx_word' id='word_1_87' title='bbox 657 2229 718 2268; x_wconf 88' lang='lat' dir='ltr'>non</span> <span class='ocrx_word' id='word_1_88' title='bbox 733 2212 869 2277; x_wconf 86' lang='lat' dir='ltr'>videtur,</span> <span class='ocrx_word' id='word_1_89' title='bbox 889 2218 923 2265; x_wconf 86' lang='lat' dir='ltr'>ut</span> <span class='ocrx_word' id='word_1_90' title='bbox 939 2208 1126 2279; x_wconf 77' lang='lat' dir='ltr'>Magistratui</span> 
     </span>
     <span class='ocr_line' id='line_1_14' title="bbox 68 2295 1125 2372; baseline 0 -21"><span class='ocrx_word' id='word_1_91' title='bbox 68 2298 198 2368; x_wconf 77' lang='lat' dir='ltr'>prodes,</span> <span class='ocrx_word' id='word_1_92' title='bbox 225 2299 353 2370; x_wconf 85' lang='lat' dir='ltr'>prodent</span> <span class='ocrx_word' id='word_1_93' title='bbox 370 2315 404 2356; x_wconf 89' lang='lat' dir='ltr'>se</span> <span class='ocrx_word' id='word_1_94' title='bbox 429 2299 531 2372; x_wconf 91' lang='lat' dir='ltr'>ipsos,</span> <span class='ocrx_word' id='word_1_95' title='bbox 558 2310 588 2356; x_wconf 87' lang='lat' dir='ltr'>et</span> <span class='ocrx_word' id='word_1_96' title='bbox 604 2309 677 2355; x_wconf 90' lang='lat' dir='ltr'>tunc</span> <span class='ocrx_word' id='word_1_97' title='bbox 694 2300 818 2356; x_wconf 85' lang='lat' dir='ltr'>Senatus</span> <span class='ocrx_word' id='word_1_98' title='bbox 835 2296 909 2359; x_wconf 79' lang='lat' dir='ltr'>urbe</span> <span class='ocrx_word' id='word_1_99' title='bbox 927 2312 984 2363; x_wconf 80' lang='lat' dir='ltr'>eos</span> <span class='ocrx_word' id='word_1_100' title='bbox 1000 2295 1125 2364; x_wconf 79' lang='lat' dir='ltr'>migrare</span> 
     </span>
     <span class='ocr_line' id='line_1_15' title="bbox 67 2387 1126 2461; baseline -0.001 -20"><span class='ocrx_word' id='word_1_101' title='bbox 67 2387 240 2459; x_wconf 84' lang='lat' dir='ltr'>praecipiet.</span> <span class='ocrx_word' id='word_1_102' title='bbox 279 2388 336 2444; x_wconf 89' lang='lat' dir='ltr'>Est</span> <span class='ocrx_word' id='word_1_103' title='bbox 361 2389 390 2444; x_wconf 84' lang='lat' dir='ltr'>in</span> <span class='ocrx_word' id='word_1_104' title='bbox 416 2389 554 2445; x_wconf 89' lang='lat' dir='ltr'>omnibus</span> <span class='ocrx_word' id='word_1_105' title='bbox 580 2391 645 2455; x_wconf 85' lang='lat' dir='ltr'>istis</span> <span class='ocrx_word' id='word_1_106' title='bbox 668 2390 807 2444; x_wconf 87' lang='lat' dir='ltr'>Munzeri</span> <span class='ocrx_word' id='word_1_107' title='bbox 832 2388 953 2461; x_wconf 85' lang='lat' dir='ltr'>spiritus</span> <span class='ocrx_word' id='word_1_108' title='bbox 979 2387 1126 2457; x_wconf 87' lang='lat' dir='ltr'>reliquas,</span> 
     </span>
     <span class='ocr_line' id='line_1_16' title="bbox 68 2475 1125 2549; baseline -0.001 -19"><span class='ocrx_word' id='word_1_109' title='bbox 68 2478 105 2530; x_wconf 91' lang='lat' dir='ltr'>de</span> <span class='ocrx_word' id='word_1_110' title='bbox 124 2477 284 2548; x_wconf 83' lang='lat' dir='ltr'>perdendis</span> <span class='ocrx_word' id='word_1_111' title='bbox 302 2478 400 2549; x_wconf 81' lang='lat' dir='ltr'>impiis</span> <span class='ocrx_word' id='word_1_112' title='bbox 418 2490 447 2532; x_wconf 88' lang='lat' dir='ltr'>et</span> <span class='ocrx_word' id='word_1_113' title='bbox 465 2480 627 2548; x_wconf 81' lang='lat' dir='ltr'>regnaturis</span> <span class='ocrx_word' id='word_1_114' title='bbox 645 2479 674 2532; x_wconf 92' lang='lat' dir='ltr'>in</span> <span class='ocrx_word' id='word_1_115' title='bbox 692 2489 771 2533; x_wconf 88' lang='lat' dir='ltr'>terra</span> <span class='ocrx_word' id='word_1_116' title='bbox 788 2477 862 2549; x_wconf 87' lang='lat' dir='ltr'>piis,</span> <span class='ocrx_word' id='word_1_117' title='bbox 885 2486 917 2530; x_wconf 90' lang='lat' dir='ltr'>ut</span> <span class='ocrx_word' id='word_1_118' title='bbox 934 2485 963 2530; x_wconf 90' lang='lat' dir='ltr'>et</span> <span class='ocrx_word' id='word_1_119' title='bbox 981 2475 1125 2529; x_wconf 87' lang='lat' dir='ltr'>Cellarias</span> 
     </span>
     <span class='ocr_line' id='line_1_17' title="bbox 68 2563 1125 2639; baseline -0.001 -20"><span class='ocrx_word' id='word_1_120' title='bbox 68 2582 166 2638; x_wconf 87' lang='lat' dir='ltr'>nuper</span> <span class='ocrx_word' id='word_1_121' title='bbox 191 2566 271 2622; x_wconf 89' lang='lat' dir='ltr'>edito</span> <span class='ocrx_word' id='word_1_122' title='bbox 294 2567 372 2623; x_wconf 91' lang='lat' dir='ltr'>libro</span> <span class='ocrx_word' id='word_1_123' title='bbox 390 2566 565 2639; x_wconf 86' lang='lat' dir='ltr'>prophetat,</span> <span class='ocrx_word' id='word_1_124' title='bbox 589 2567 650 2622; x_wconf 91' lang='lat' dir='ltr'>hoc</span> <span class='ocrx_word' id='word_1_125' title='bbox 667 2577 729 2635; x_wconf 88' lang='lat' dir='ltr'>eat,</span> <span class='ocrx_word' id='word_1_126' title='bbox 755 2566 914 2623; x_wconf 90' lang='lat' dir='ltr'>seditiosus</span> <span class='ocrx_word' id='word_1_127' title='bbox 940 2574 983 2619; x_wconf 91' lang='lat' dir='ltr'>est</span> <span class='ocrx_word' id='word_1_128' title='bbox 1003 2563 1125 2636; x_wconf 86' lang='lat' dir='ltr'>spiritus</span> 
     </span>
     <span class='ocr_line' id='line_1_18' title="bbox 69 2653 1126 2728; baseline -0.003 -17"><span class='ocrx_word' id='word_1_129' title='bbox 69 2656 119 2711; x_wconf 89' lang='lat' dir='ltr'>ille</span> <span class='ocrx_word' id='word_1_130' title='bbox 145 2666 236 2712; x_wconf 84' lang='lat' dir='ltr'>totus.</span> <span class='ocrx_word' id='word_1_131' title='bbox 268 2657 453 2726; x_wconf 88' lang='lat' dir='ltr'>Horologion</span> <span class='ocrx_word' id='word_1_132' title='bbox 477 2658 520 2712; x_wconf 92' lang='lat' dir='ltr'>D.</span> <span class='ocrx_word' id='word_1_133' title='bbox 546 2656 654 2728; x_wconf 87' lang='lat' dir='ltr'>Apello</span> <span class='ocrx_word' id='word_1_134' title='bbox 680 2656 791 2711; x_wconf 89' lang='lat' dir='ltr'>curabo</span> <span class='ocrx_word' id='word_1_135' title='bbox 817 2655 909 2710; x_wconf 86' lang='lat' dir='ltr'>reddi.</span> <span class='ocrx_word' id='word_1_136' title='bbox 943 2654 1040 2711; x_wconf 86' lang='lat' dir='ltr'>Pestis</span> <span class='ocrx_word' id='word_1_137' title='bbox 1064 2653 1126 2709; x_wconf 91' lang='lat' dir='ltr'>Dei</span> 
     </span>
     <span class='ocr_line' id='line_1_19' title="bbox 69 2743 1126 2818; baseline -0.003 -17"><span class='ocrx_word' id='word_1_138' title='bbox 69 2745 159 2815; x_wconf 82' lang='lat' dir='ltr'>gratis</span> <span class='ocrx_word' id='word_1_139' title='bbox 174 2745 262 2801; x_wconf 86' lang='lat' dir='ltr'>desiit</span> <span class='ocrx_word' id='word_1_140' title='bbox 284 2747 362 2818; x_wconf 78' lang='lat' dir='ltr'>apud</span> <span class='ocrx_word' id='word_1_141' title='bbox 379 2763 452 2815; x_wconf 89' lang='lat' dir='ltr'>nos,</span> <span class='ocrx_word' id='word_1_142' title='bbox 476 2748 601 2802; x_wconf 89' lang='lat' dir='ltr'>redeunt</span> <span class='ocrx_word' id='word_1_143' title='bbox 622 2746 733 2816; x_wconf 80' lang='lat' dir='ltr'>fugitivi</span> <span class='ocrx_word' id='word_1_144' title='bbox 751 2747 844 2801; x_wconf 82' lang='lat' dir='ltr'>cives.</span> <span class='ocrx_word' id='word_1_145' title='bbox 877 2743 1035 2802; x_wconf 78' lang='lat' dir='ltr'>Novarum</span> <span class='ocrx_word' id='word_1_146' title='bbox 1051 2743 1126 2799; x_wconf 84' lang='lat' dir='ltr'>nihil</span> 
     </span>
     <span class='ocr_line' id='line_1_20' title="bbox 70 2831 1128 2914; baseline -0.001 -27"><span class='ocrx_word' id='word_1_147' title='bbox 70 2833 148 2914; x_wconf 73' lang='lat' dir='ltr'>apud</span> <span class='ocrx_word' id='word_1_148' title='bbox 171 2849 237 2890; x_wconf 88' lang='lat' dir='ltr'>nos.</span> <span class='ocrx_word' id='word_1_149' title='bbox 270 2834 337 2905; x_wconf 87' lang='lat' dir='ltr'>Ego</span> <span class='ocrx_word' id='word_1_150' title='bbox 361 2835 600 2891; x_wconf 86' lang='lat' dir='ltr'>Sacramentariis</span> <span class='ocrx_word' id='word_1_151' title='bbox 623 2835 785 2890; x_wconf 81' lang='lat' dir='ltr'>novissima</span> <span class='ocrx_word' id='word_1_152' title='bbox 810 2849 908 2906; x_wconf 88' lang='lat' dir='ltr'>pugna</span> <span class='ocrx_word' id='word_1_153' title='bbox 932 2831 1128 2903; x_wconf 85' lang='lat' dir='ltr'>congredior,</span> 
     </span>
     <span class='ocr_line' id='line_1_21' title="bbox 70 2917 1126 2996; baseline -0.001 -20"><span class='ocrx_word' id='word_1_154' title='bbox 70 2917 331 2994; x_wconf 67' lang='lat' dir='ltr'>et&#39;Catabaptistas</span> <span class='ocrx_word' id='word_1_155' title='bbox 355 2924 463 2994; x_wconf 87' lang='lat' dir='ltr'>attingo</span> <span class='ocrx_word' id='word_1_156' title='bbox 481 2942 535 2996; x_wconf 91' lang='lat' dir='ltr'>pro</span> <span class='ocrx_word' id='word_1_157' title='bbox 553 2925 662 2980; x_wconf 87' lang='lat' dir='ltr'>nostris</span> <span class='ocrx_word' id='word_1_158' title='bbox 680 2923 905 2980; x_wconf 83' lang='lat' dir='ltr'>confirmandis:</span> <span class='ocrx_word' id='word_1_159' title='bbox 921 2919 967 2980; x_wconf 72' lang='lat' dir='ltr'>”i</span> <span class='ocrx_word' id='word_1_160' title='bbox 985 2923 1030 2978; x_wconf 86' lang='lat' dir='ltr'>sic</span> <span class='ocrx_word' id='word_1_161' title='bbox 1050 2921 1126 2976; x_wconf 88' lang='lat' dir='ltr'>arbi.</span> 
     </span>
     <span class='ocr_line' id='line_1_22' title="bbox 68 3012 1124 3090; baseline -0.003 -22"><span class='ocrx_word' id='word_1_162' title='bbox 68 3023 134 3068; x_wconf 86' lang='lat' dir='ltr'>tror</span> <span class='ocrx_word' id='word_1_163' title='bbox 150 3012 271 3069; x_wconf 84' lang='lat' dir='ltr'>Christo</span> <span class='ocrx_word' id='word_1_164' title='bbox 287 3029 337 3068; x_wconf 91' lang='lat' dir='ltr'>mc</span> <span class='ocrx_word' id='word_1_165' title='bbox 361 3014 474 3068; x_wconf 86' lang='lat' dir='ltr'>servire</span> <span class='ocrx_word' id='word_1_166' title='bbox 500 3025 530 3068; x_wconf 86' lang='lat' dir='ltr'>et</span> <span class='ocrx_word' id='word_1_167' title='bbox 554 3013 691 3086; x_wconf 82' lang='lat' dir='ltr'>placere,</span> <span class='ocrx_word' id='word_1_168' title='bbox 718 3013 838 3070; x_wconf 79' lang='lat' dir='ltr'>Satanae</span> <span class='ocrx_word' id='word_1_169' title='bbox 857 3029 941 3090; x_wconf 65' lang='lat' dir='ltr'>verm</span> <span class='ocrx_word' id='word_1_170' title='bbox 949 3013 1124 3083; x_wconf 87' lang='lat' dir='ltr'>displicere,</span> 
     </span>
     <span class='ocr_line' id='line_1_23' title="bbox 70 3102 1127 3175; baseline -0.002 -17"><span class='ocrx_word' id='word_1_171' title='bbox 70 3113 98 3159; x_wconf 87' lang='lat' dir='ltr'>et</span> <span class='ocrx_word' id='word_1_172' title='bbox 115 3103 231 3159; x_wconf 87' lang='lat' dir='ltr'>irritare</span> <span class='ocrx_word' id='word_1_173' title='bbox 247 3102 341 3172; x_wconf 90' lang='lat' dir='ltr'>magis</span> <span class='ocrx_word' id='word_1_174' title='bbox 357 3103 445 3157; x_wconf 87' lang='lat' dir='ltr'>etiam</span> <span class='ocrx_word' id='word_1_175' title='bbox 463 3103 529 3175; x_wconf 92' lang='lat' dir='ltr'>plus</span> <span class='ocrx_word' id='word_1_176' title='bbox 542 3120 630 3175; x_wconf 85' lang='lat' dir='ltr'>quam</span> <span class='ocrx_word' id='word_1_177' title='bbox 647 3104 875 3160; x_wconf 86' lang='lat' dir='ltr'>furiosissimum</span> <span class='ocrx_word' id='word_1_178' title='bbox 893 3103 923 3159; x_wconf 87' lang='lat' dir='ltr'>in</span> <span class='ocrx_word' id='word_1_179' title='bbox 933 3118 980 3158; x_wconf 88' lang='lat' dir='ltr'>me</span> <span class='ocrx_word' id='word_1_180' title='bbox 992 3103 1127 3158; x_wconf 82' lang='lat' dir='ltr'>saevien.</span> 
     </span>
     <span class='ocr_line' id='line_1_24' title="bbox 70 3191 1126 3262; baseline -0.002 -16"><span class='ocrx_word' id='word_1_181' title='bbox 70 3201 142 3249; x_wconf 87' lang='lat' dir='ltr'>tem.</span> <span class='ocrx_word' id='word_1_182' title='bbox 177 3191 406 3247; x_wconf 80' lang='lat' dir='ltr'>commendabis</span> <span class='ocrx_word' id='word_1_183' title='bbox 424 3208 490 3260; x_wconf 86' lang='lat' dir='ltr'>me,</span> <span class='ocrx_word' id='word_1_184' title='bbox 515 3209 607 3260; x_wconf 88' lang='lat' dir='ltr'>rogo,</span> <span class='ocrx_word' id='word_1_185' title='bbox 633 3192 690 3248; x_wconf 86' lang='lat' dir='ltr'>tuis</span> <span class='ocrx_word' id='word_1_186' title='bbox 715 3201 745 3247; x_wconf 87' lang='lat' dir='ltr'>et</span> <span class='ocrx_word' id='word_1_187' title='bbox 761 3192 918 3248; x_wconf 79' lang='lat' dir='ltr'>Ecclesiae</span> <span class='ocrx_word' id='word_1_188' title='bbox 941 3202 1007 3247; x_wconf 88' lang='lat' dir='ltr'>tuae</span> <span class='ocrx_word' id='word_1_189' title='bbox 1030 3191 1126 3262; x_wconf 88' lang='lat' dir='ltr'>preci.</span> 
     </span>
     <span class='ocr_line' id='line_1_25' title="bbox 70 3281 1126 3353; baseline 0.001 -17"><span class='ocrx_word' id='word_1_190' title='bbox 70 3282 145 3350; x_wconf 90' lang='lat' dir='ltr'>bns,</span> <span class='ocrx_word' id='word_1_191' title='bbox 170 3298 207 3336; x_wconf 85' lang='lat' dir='ltr'>ac</span> <span class='ocrx_word' id='word_1_192' title='bbox 232 3281 311 3336; x_wconf 85' lang='lat' dir='ltr'>serio</span> <span class='ocrx_word' id='word_1_193' title='bbox 328 3297 510 3353; x_wconf 82' lang='lat' dir='ltr'>pugnemus,</span> <span class='ocrx_word' id='word_1_194' title='bbox 535 3283 601 3352; x_wconf 86' lang='lat' dir='ltr'>qnia</span> <span class='ocrx_word' id='word_1_195' title='bbox 618 3282 703 3337; x_wconf 88' lang='lat' dir='ltr'>Satan</span> <span class='ocrx_word' id='word_1_196' title='bbox 725 3300 785 3337; x_wconf 88' lang='lat' dir='ltr'>non</span> <span class='ocrx_word' id='word_1_197' title='bbox 803 3283 923 3352; x_wconf 87' lang='lat' dir='ltr'>jocatur</span> <span class='ocrx_word' id='word_1_198' title='bbox 944 3282 973 3335; x_wconf 89' lang='lat' dir='ltr'>in</span> <span class='ocrx_word' id='word_1_199' title='bbox 994 3295 1068 3347; x_wconf 88' lang='lat' dir='ltr'>nos,</span> <span class='ocrx_word' id='word_1_200' title='bbox 1092 3289 1126 3337; x_wconf 88' lang='lat' dir='ltr'>ut</span> 
     </span>
     <span class='ocr_line' id='line_1_26' title="bbox 71 3370 1127 3442; baseline -0.004 -14"><span class='ocrx_word' id='word_1_201' title='bbox 71 3372 156 3428; x_wconf 79' lang='lat' dir='ltr'>vides</span> <span class='ocrx_word' id='word_1_202' title='bbox 183 3370 212 3426; x_wconf 92' lang='lat' dir='ltr'>in</span> <span class='ocrx_word' id='word_1_203' title='bbox 240 3370 325 3425; x_wconf 86' lang='lat' dir='ltr'>tantis</span> <span class='ocrx_word' id='word_1_204' title='bbox 341 3370 493 3427; x_wconf 89' lang='lat' dir='ltr'>monstris.</span> <span class='ocrx_word' id='word_1_205' title='bbox 527 3371 665 3426; x_wconf 85' lang='lat' dir='ltr'>Christus</span> <span class='ocrx_word' id='word_1_206' title='bbox 691 3372 730 3426; x_wconf 90' lang='lat' dir='ltr'>sit</span> <span class='ocrx_word' id='word_1_207' title='bbox 752 3372 858 3442; x_wconf 84' lang='lat' dir='ltr'>spiritu</span> <span class='ocrx_word' id='word_1_208' title='bbox 874 3388 930 3427; x_wconf 87' lang='lat' dir='ltr'>suo</span> <span class='ocrx_word' id='word_1_209' title='bbox 956 3381 1073 3437; x_wconf 86' lang='lat' dir='ltr'>tecum,</span> <span class='ocrx_word' id='word_1_210' title='bbox 1098 3377 1127 3425; x_wconf 84' lang='lat' dir='ltr'>et</span> 
     </span>
     <span class='ocr_line' id='line_1_27' title="bbox 70 3459 1126 3518; baseline -0.003 -1"><span class='ocrx_word' id='word_1_211' title='bbox 70 3460 253 3517; x_wconf 84' lang='lat' dir='ltr'>Moibanum</span> <span class='ocrx_word' id='word_1_212' title='bbox 278 3459 425 3515; x_wconf 84' lang='lat' dir='ltr'>salutabis.</span> <span class='ocrx_word' id='word_1_213' title='bbox 460 3460 569 3515; x_wconf 80' lang='lat' dir='ltr'>Salutat</span> <span class='ocrx_word' id='word_1_214' title='bbox 596 3470 626 3516; x_wconf 90' lang='lat' dir='ltr'>te</span> <span class='ocrx_word' id='word_1_215' title='bbox 651 3460 694 3517; x_wconf 90' lang='lat' dir='ltr'>D.</span> <span class='ocrx_word' id='word_1_216' title='bbox 718 3460 905 3518; x_wconf 81' lang='lat' dir='ltr'>Pomersnus</span> <span class='ocrx_word' id='word_1_217' title='bbox 929 3471 1031 3515; x_wconf 82' lang='lat' dir='ltr'>noster</span> <span class='ocrx_word' id='word_1_218' title='bbox 1056 3475 1126 3514; x_wconf 86' lang='lat' dir='ltr'>cum</span> 
     </span>
    </p>
   </div>
   <div class='ocr_carea' id='block_1_6' title="bbox 72 3546 610 3618">
    <p class='ocr_par' dir='ltr' id='par_1_6' title="bbox 72 3546 610 3618">
     <span class='ocr_line' id='line_1_28' title="bbox 72 3546 610 3618; baseline -0.007 -10"><span class='ocrx_word' id='word_1_219' title='bbox 72 3551 146 3608; x_wconf 83' lang='lat' dir='ltr'>suis.</span> <span class='ocrx_word' id='word_1_220' title='bbox 181 3551 224 3608; x_wconf 81' lang='lat' dir='ltr'>at.</span> <span class='ocrx_word' id='word_1_221' title='bbox 242 3546 610 3618; x_wconf 77' lang='lat' dir='ltr'>Jmusrii,MDxxv¹1.</span> 
     </span>
    </p>
   </div>
   <div class='ocr_carea' id='block_1_7' title="bbox 724 3688 1057 3766">
    <p class='ocr_par' dir='ltr' id='par_1_7' title="bbox 724 3688 1057 3766">
     <span class='ocr_line' id='line_1_29' title="bbox 724 3688 1057 3766; baseline -0.006 -17"><span class='ocrx_word' id='word_1_222' title='bbox 724 3691 873 3750; x_wconf 82' lang='lat' dir='ltr'>Martinus</span> <span class='ocrx_word' id='word_1_223' title='bbox 893 3688 1057 3766; x_wconf 73' lang='lat' dir='ltr'>Lufherus.</span> 
     </span>
    </p>
   </div>
   <div class='ocr_carea' id='block_1_8' title="bbox 76 4160 1194 4439">
    <p class='ocr_par' dir='ltr' id='par_1_8' title="bbox 76 4160 1194 4439">
     <span class='ocr_line' id='line_1_30' title="bbox 124 4160 1194 4225; baseline -0.017 -2.727"><span class='ocrx_word' id='word_1_224' title='bbox 124 4171 217 4224; x_wconf 64' lang='lat' dir='ltr'>‘imi</span> <span class='ocrx_word' id='word_1_225' title='bbox 230 4172 323 4222; x_wconf 62' lang='lat' dir='ltr'>vetant</span> <span class='ocrx_word' id='word_1_226' title='bbox 337 4171 408 4224; x_wconf 74' lang='lat' dir='ltr'>sistri</span> <span class='ocrx_word' id='word_1_227' title='bbox 420 4171 514 4224; x_wconf 68' lang='lat' dir='ltr'>dirimi</span> <span class='ocrx_word' id='word_1_228' title='bbox 528 4171 554 4224; x_wconf 77' lang='lat' dir='ltr'>lit</span> <span class='ocrx_word' id='word_1_229' title='bbox 568 4167 648 4225; x_wconf 70' lang='lat' dir='ltr'>totid·</span> <span class='ocrx_word' id='word_1_230' title='bbox 662 4160 1127 4217; x_wconf 65' lang='lat' dir='ltr'>tirumdinaaairttsriitrrnrasntn</span> <span class='ocrx_word' id='word_1_231' title='bbox 1189 4170 1194 4181; x_wconf 94' lang='lat'>·</span> 
     </span>
     <span class='ocr_line' id='line_1_31' title="bbox 77 4234 1129 4301; baseline -0.011 -9"><span class='ocrx_word' id='word_1_232' title='bbox 77 4255 120 4291; x_wconf 81' lang='lat' dir='ltr'>sta</span> <span class='ocrx_word' id='word_1_233' title='bbox 136 4246 187 4299; x_wconf 68' lang='lat' dir='ltr'>titt</span> <span class='ocrx_word' id='word_1_234' title='bbox 200 4247 246 4291; x_wconf 74' lang='lat' dir='ltr'>aas</span> <span class='ocrx_word' id='word_1_235' title='bbox 260 4247 295 4290; x_wconf 78' lang='lat' dir='ltr'>air</span> <span class='ocrx_word' id='word_1_236' title='bbox 308 4245 401 4295; x_wconf 62' lang='lat' dir='ltr'>&amp;datr</span> <span class='ocrx_word' id='word_1_237' title='bbox 413 4250 484 4301; x_wconf 72' lang='lat' dir='ltr'>neten</span> <span class='ocrx_word' id='word_1_238' title='bbox 496 4246 531 4291; x_wconf 81' lang='lat' dir='ltr'>tie</span> <span class='ocrx_word' id='word_1_239' title='bbox 544 4241 694 4294; x_wconf 70' lang='lat' dir='ltr'>edndsntr</span> <span class='ocrx_word' id='word_1_240' title='bbox 710 4235 832 4290; x_wconf 76' lang='lat' dir='ltr'>irrtdtiat</span> <span class='ocrx_word' id='word_1_241' title='bbox 850 4234 895 4283; x_wconf 84' lang='lat' dir='ltr'>ani</span> <span class='ocrx_word' id='word_1_242' title='bbox 914 4235 954 4285; x_wconf 78' lang='lat' dir='ltr'>ian</span> <span class='ocrx_word' id='word_1_243' title='bbox 974 4235 1013 4281; x_wconf 75' lang='lat' dir='ltr'>ins</span> <span class='ocrx_word' id='word_1_244' title='bbox 1030 4234 1129 4287; x_wconf 53' lang='lat'>2152&amp;</span> 
     </span>
     <span class='ocr_line' id='line_1_32' title="bbox 76 4306 1126 4413; baseline -0.013 -45"><span class='ocrx_word' id='word_1_245' title='bbox 76 4325 192 4376; x_wconf 69' lang='lat' dir='ltr'>saltata.</span> <span class='ocrx_word' id='word_1_246' title='bbox 246 4319 357 4371; x_wconf 45' lang='lat' dir='ltr'>”must</span> <span class='ocrx_word' id='word_1_247' title='bbox 372 4317 492 4369; x_wconf 60' lang='lat' dir='ltr'>ductet.</span> <span class='ocrx_word' id='word_1_248' title='bbox 504 4316 664 4367; x_wconf 55' lang='lat' dir='ltr'>ansermi.</span> <span class='ocrx_word' id='word_1_249' title='bbox 683 4313 716 4363; x_wconf 96' lang='grc'>29.</span> <span class='ocrx_word' id='word_1_250' title='bbox 728 4313 761 4361; x_wconf 79' lang='lat'>³¹.</span> <span class='ocrx_word' id='word_1_251' title='bbox 774 4310 881 4413; x_wconf 62' lang='lat' dir='ltr'>versati.</span> <span class='ocrx_word' id='word_1_252' title='bbox 906 4308 952 4356; x_wconf 81' lang='lat' dir='ltr'>ilo.</span> <span class='ocrx_word' id='word_1_253' title='bbox 964 4306 1126 4356; x_wconf 81' lang='lat' dir='ltr'>Dccccvssl.</span> 
     </span>
     <span class='ocr_line' id='line_1_33' title="bbox 79 4388 531 4439; baseline -0.002 -4"><span class='ocrx_word' id='word_1_254' title='bbox 79 4388 290 4439; x_wconf 73' lang='lat' dir='ltr'>Decccmlll.</span> <span class='ocrx_word' id='word_1_255' title='bbox 312 4388 531 4438; x_wconf 71' lang='lat' dir='ltr'>Dccccmvli</span> 
     </span>
    </p>
   </div>
   <div class='ocr_carea' id='block_1_9' title="bbox 0 0 1300 5048">
    <p class='ocr_par' dir='ltr' id='par_1_9' title="bbox 0 0 1300 5048">
     <span class='ocr_line' id='line_1_34' title="bbox 0 0 1300 5048; baseline 0 0"><span class='ocrx_word' id='word_1_256' title='bbox 0 0 1300 5048; x_wconf 95' lang='lat' dir='ltr'> </span> 
     </span>
    </p>
   </div>
  </div>
 </body>
</html>
