2558 4726
110 312 171 385 172
586 316 675 388 1527.

111 474 189 530 simo
206 474 359 546 epistolam
375 494 494 549 quoque
511 478 547 533 ad
564 495 612 532 me
629 477 726 545 misit,
749 493 837 533 manu
862 490 916 533 sua
933 470 1103 549 scriptam,
1123 476 1163 533 tii.

110 580 196 632 gnam
208 566 323 620 scilieet
335 566 385 621 illo
397 567 611 638 superbissimo
624 567 739 639 spiritu.
772 568 814 621 lta
827 566 1053 623 modestissime
1066 567 1163 635 suerit,

110 653 223 722 saevit,
250 654 376 709 minatur
401 672 436 709 ac
462 654 577 725 sternit,
605 667 639 710 ut
663 656 736 711 mihi
761 656 894 710 videatur
920 656 1164 727 irrecuperabilis

2 760 12 782 ⁸
108 743 198 798 ctiam
220 744 373 799 manifesta
395 747 517 800 veritate
541 746 708 801 convietus.
741 744 877 801 Libellus
899 760 988 801 meus
1013 745 1163 803 verbosa·

71 831 73 835 ’
108 832 210 888 multis
223 849 293 887 saue
305 835 424 904 profuit.
450 834 617 905 Prophetas
630 835 785 889 vernacula
797 835 924 889 donatos
935 835 1163 903 Wormatiae')

109 939 170 978 uou
187 935 364 993 contemno,
390 923 446 978 nisi
464 925 544 997 quod
562 923 788 981 Germanismus
808 925 971 983 obscurior
992 936 1063 994 est,
1088 927 1163 981 forta

108 1022 212 1068 natura
229 1012 306 1067 iilius
324 1012 464 1081 regionis.
496 1012 642 1068 Fecerunt
656 1012 851 1083 diligentiam,
867 998 934 1084 ouis
947 1024 1052 1070 autem
1064 1015 1164 1071 omnia

108 1102 245 1172 attingat?
276 1101 343 1171 Ego
360 1113 456 1155 tamen
474 1102 536 1171 jam
555 1101 713 1172 accingor,
736 1113 765 1155 et
781 1103 864 1174 ipsos
881 1104 1045 1157 vernacula
1063 1112 1164 1160 extm-

109 1193 196 1260 «iere,
214 1193 345 1246 lecturus
361 1192 447 1246 simui
462 1190 612 1259 lassum,
628 1202 666 1246 ue
681 1192 796 1247 otiosus
811 1192 878 1248 sim.
912 1192 965 1249 Tu
980 1210 1040 1265 pro
1051 1210 1102 1249 me
1114 1211 1164 1249 ora

107 1282 274 1338 Dominum
291 1291 319 1335 et
334 1298 389 1351 pro
404 1280 542 1335 Ecclesia
559 1281 633 1350 ejus.
667 1281 803 1337 Christus
821 1282 907 1337 iaciat
923 1298 974 1337 ma
991 1284 1100 1341 audire
1116 1302 1164 1341 ua.

108 1381 170 1425 tam
186 1371 237 1425 tibi
254 1381 283 1425 et
299 1371 409 1424 salvam
427 1371 562 1442 prolem,
580 1373 687 1425 Amen.
719 1370 792 1425 Mea
804 1370 901 1426 Ketha
917 1389 1024 1429 rursus
1042 1382 1163 1455 pausent

108 1476 145 1513 ac
162 1459 255 1514 vomit
272 1476 326 1530 spe
342 1459 463 1513 secundi
482 1461 588 1513 foetus.
620 1458 815 1529 Speuglerum
827 1462 919 1515 saluta
936 1472 965 1515 et
975 1463 1089 1532 gratias
1100 1480 1161 1533 age,

109 1566 178 1606 uam
195 1551 293 1604 omnia
310 1566 385 1621 quae
402 1549 507 1604 misisti
524 1552 635 1603 semina
658 1551 808 1618 oriuntur,
833 1559 945 1605 tantum
967 1552 1110 1609 melones
1134 1562 1163 1609 et

109 1638 282 1693 cucurbitae
299 1639 451 1705 differunt,
475 1652 642 1710 quanquam
658 1638 687 1692 iu
705 1638 770 1694 aliis
787 1637 885 1695 hortis
901 1641 989 1695 etiam
1007 1642 1162 1713 prodeant·

109 1728 193 1785 l'ale.
225 1727 423 1785 atuxxvtt.

795 1818 944 1880 Martinus
963 1818 1133 1878 Lutherus.

143 2152 306 2224 sauir.
822 2150 1131 2213 utncccuxvn,

434 2304 481 2373 iia
518 2301 624 2376 miti·
659 2298 832 2377 &titiis

136 2461 205 2508 titia
223 2462 268 2510 isti
286 2460 378 2512 Quiriti
395 2471 463 2515 uram
481 2461 516 2507 aie
533 2461 723 2511 Θιιιιιιιιιιιιιιιι
746 2461 791 2506 uui
810 2460 934 2516 amiralii
952 2460 1072 2518 Exegesis
1092 2464 1139 2511 uu

229 2565 231 2569 ν
266 2536 336 2585 littei
348 2537 410 2590 (tut.
423 2537 443 2580 ι.
457 2544 506 2581 ιιι.
519 2535 622 2585 ‘attriti¹
650 2537 695 2582 its·
708 2543 758 2580 taor
770 2536 823 2580 airr
836 2536 925 2581 acutuli
939 2536 1000 2585 eti

437 2610 469 2659 6.
483 2608 588 2655 itrtutui.
603 2618 628 2660 ru
642 2608 686 2653 No.
697 2607 824 2654 ccccxl.

256 2846 307 2896 litii
320 2845 409 2892 Auris
413 2846 484 2893 aber
496 2845 524 2891 11.
537 2846 582 2894 sii.
608 2842 707 2895 scuria
721 2844 761 2896 ὃτι)
770 2843 864 2893 Quid)
877 2844 940 2890 xxi.
955 2845 1011 2894 tois.

110 2978 223 3080 Gratia
242 3035 271 3080 et
289 3041 355 3096 pax.
390 3023 463 3079 Misi
482 3026 515 3078 ad
533 3034 562 3080 te
580 3025 818 3090 nudiustertius,
835 3010 1041 3093 mitt‘tiihaet,
1058 3022 1159 3080 literas

109 3134 167 3172 uua
185 3134 252 3172 cum
270 3117 370 3171 libello
388 3115 679 3183 Antischuermerio,
696 3132 785 3186 quem
804 3132 893 3185 spero
911 3127 939 3168 et
956 3114 1112 3186 accepisse
1129 3125 1158 3169 te

111 3217 140 3261 et
158 3207 252 3277 ipsum
270 3205 427 3277 placuisse,
462 3204 540 3259 Natu
557 3206 639 3259 tuulti
659 3216 726 3258 sunt
743 3221 779 3257 eo
794 3205 893 3258 libello
908 3204 966 3258 Dei
980 3204 1069 3272 gratia
1088 3222 1160 3258 con.

109 3296 213 3351 firmati
231 3297 345 3350 insana
363 3295 435 3350 fule:
459 3310 561 3348 rursus
586 3306 713 3364 expecto
737 3293 853 3347 iliorum
871 3294 1014 3346 furiosam
1033 3310 1158 3364 respon.

109 3388 223 3442 sionem
234 3427 242 3454 ,
260 3387 368 3457 quibus
386 3402 561 3452 occurram,
580 3387 697 3456 qiuuuia
716 3385 850 3439 Christus
873 3385 984 3438 dederit
1002 3401 1037 3439 ac
1054 3386 1158 3438 solue.

110 3470 164 3545 rit,
189 3476 295 3530 virtute
320 3488 349 3530 et
365 3475 513 3544 sapientia.
547 3474 625 3528 Natu
641 3474 804 3545 Zwiuglitts
822 3474 856 3526 ad
874 3490 921 3525 tue
940 3473 1059 3545 scripsit
1078 3474 1158 3529 Exe-

111 3568 192 3635 gesiu
211 3565 355 3634 «ruendam
372 3564 482 3634 adjecta
501 3563 622 3631 epistola
646 3579 748 3616 manus
773 3579 842 3615 suae
867 3565 950 3632 pleua
974 3564 1114 3634 superbia
1131 3574 1160 3618 et

109 3658 284 3711 temeritate.
317 3654 400 3710 Nihil
419 3664 464 3708 est
481 3655 625 3708 scelerum
644 3663 690 3707 aut
707 3653 902 3718 crudelitatis,
928 3653 1013 3721 cujus
1031 3672 1091 3709 non
1110 3671 1159 3708 me

111 3764 195 3802 reum
213 3758 296 3816 agat,
321 3746 394 3799 adeo
411 3752 442 3797 ut
458 3761 515 3798 uec
532 3742 666 3814 Papistae
683 3759 730 3796 tue
749 3759 793 3797 sic
808 3742 935 3797 lact-rent
956 3742 1061 3798 hostes
1079 3746 1159 3809 otei,

158 3993 428 4048 mmmmm
