2558 4726
132 349 171 418 36
607 353 696 422 1525.

127 507 193 565 fidei
219 509 266 564 vir
290 508 422 565 infirmus
445 508 480 564 ad
504 525 596 582 aquas
621 510 879 579 contradictionis,
904 520 968 566 tum
994 525 1101 568 omnes
1126 510 1178 568 atil

127 597 223 655 lsrael
245 599 274 657 in
296 597 353 655 fide
376 601 473 656 victus
492 610 522 654 et
544 600 601 654 cibi
618 599 754 656 infirmati
778 609 864 667 sunt,
888 601 939 671 qui
961 612 1005 654 tot
1027 601 1176 656 miraculis

126 687 257 751 vioermt
283 705 337 760 per
362 686 450 742 fidem
473 687 682 744 Pharaonem.⁴
705 689 826 744 Deinde
851 707 911 744 uon
939 700 1009 744 sunt
1034 698 1177 763 suspecta

125 776 240 846 omnia,
258 793 334 848 quae
351 778 427 847 apud
443 775 578 848 Papistaa
596 787 717 849 recepta
734 787 818 846 sunt,
839 779 948 850 alioqui
966 789 995 833 et
1010 779 1175 849 baptismus

124 877 154 921 ct
167 876 227 921 tota
238 866 335 922 Biblia
351 877 489 939 suspecta
506 877 601 922 erant.
635 866 704 921 Hoc
721 868 759 922 sit
771 868 868 937 magis
887 878 1079 938 suspectum,
1095 868 1176 940 quod

125 956 304 1012 Carlstadius
320 956 434 1028 primus
451 955 622 1026 opinionem
640 957 718 1012 illam
735 957 876 1029 protulit,
900 958 987 1028 cujus
1004 968 1176 1027 argumenta

122 1046 285 1116 Zwinglius
303 1055 333 1099 et
350 1044 597 1115 oecolampadius
617 1047 645 1101 iu
663 1057 758 1100 totum
778 1055 939 1117 respuunt,
958 1054 988 1100 et
999 1058 1099 1101 tamen
1112 1047 1176 1119 opi.

121 1136 241 1190 aionem
253 1134 321 1189 aliis
339 1133 497 1190 defendere
520 1137 668 1203 nitantur,
694 1151 728 1188 ac
751 1135 832 1190 stulti
855 1153 915 1190 non
940 1135 996 1191 nisi
1022 1137 1176 1207 potissima

121 1231 291 1294 argumenta
303 1221 454 1289 Carlstadii
470 1240 487 1277 a
503 1240 571 1278 sese
588 1225 718 1281 damnata
735 1227 897 1296 proferunt.
931 1226 1088 1280 Ridiculus
1100 1227 1174 1282 mihi

120 1313 265 1382 spiritua,1
281 1310 330 1381 qui
346 1312 509 1379 ,articulum
527 1312 656 1384 aliquem
672 1312 768 1386 primo
787 1315 917 1384 proferat
934 1318 1113 1384 argumentis
1130 1317 1175 1373 ni·

119 1398 189 1469 hili,
213 1411 244 1467 et
259 1400 364 1455 deinde
381 1401 443 1455 aliis
461 1401 616 1472 promissis
633 1403 735 1468 cadem
753 1405 814 1459 iera
826 1404 938 1474 jactet,
957 1420 992 1457 ac
1008 1404 1053 1460 sic
1071 1406 1126 1460 sibi
1143 1406 1174 1461 in

120 1502 216 1547 totum
241 1499 363 1561 pugnat,
395 1490 515 1545 Certum
540 1491 582 1546 ilii
607 1492 644 1547 de
669 1492 763 1561 gloria
787 1493 930 1562 dogmatis
953 1494 1049 1550 istius.
1083 1494 1174 1549 Aliud

120 1580 193 1641 nihil
204 1580 255 1634 -ibi
279 1579 385 1646 video,
410 1581 464 1635 sed
481 1588 627 1641 successa
644 1582 758 1637 videbis
775 1583 852 1637 forte
870 1582 933 1639 alia.
967 1583 1088 1637 Interim
1100 1602 1173 1655 per.

122 1672 192 1723 dura
210 1669 239 1723 in
256 1685 326 1725 sana
337 1670 490 1725 sententia.
522 1669 673 1725 Dominus
686 1671 773 1740 gratia
785 1687 838 1725 sua
848 1672 900 1725 tibi
912 1671 1045 1740 assistat,
1062 1675 1171 1728 Amen.

122 1759 351 1829 Witeubergac,
369 1759 439 1815 feria
455 1756 481 1817 6.
496 1767 568 1830 post
584 1759 705 1826 Severi,
720 1776 797 1815 auno
814 1760 979 1821 MDxxv.

845 1871 1136 1963 Martinuleuther.

134 2207 137 2213 ⁴
154 2239 195 2298 ts,
208 2235 372 2300 'octobre
848 2235 900 2292 ΝΘ.
917 2236 1136 2294 DCCXLVIIL

151 2387 200 2456 lla
217 2384 312 2485 3ου,
334 2366 463 2466 lanae
485 2387 545 2456 aab
560 2387 606 2456 lit
622 2382 748 2465 iidata
763 2383 967 2462 &nutritura
983 2386 1142 2468 scilian.

210 2506 216 2516 .
261 2543 361 2598 ssrmfft
373 2544 408 2590 tlt
421 2542 571 2597 &tullinum
585 2545 648 2591 tinet
661 2545 771 2598 uranum
784 2543 822 2591 ttl
835 2520 1026 2596 ucttrltlr'nltl.
1117 2490 1121 2497 Ι

533 2660 741 2694 '¹11¹'

250 2776 574 2831 amterminum.
589 2778 610 2823 b.
637 2777 736 2831 Sunii&
749 2779 790 2830 ita
802 2777 897 2827 ssatd
909 2776 972 2824 XXI.
986 2780 1032 2826 989.

218 2925 262 2981 D.
279 2927 402 2982 Jourmi
418 2927 536 3001 Lanqo
553 2932 584 3013 et
599 2894 730 3007 reliquis
746 2924 927 2996 Ersordiae
945 2924 1065 2980 Christi

397 3026 431 3033 ”
490 3026 496 3034 ’
555 3012 724 3069 ministris.

14 3210 19 3221 ’
64 3213 68 3220 ·
119 3152 265 3251 Gratiam
277 3205 307 3250 et
318 3211 422 3268 pacem
436 3196 465 3250 in
477 3194 607 3250 Christo.
642 3193 758 3249 Fratres
776 3192 954 3259 charissimi,
972 3192 1166 3250 veliementer

117 3288 205 3343 nobis
225 3288 320 3356 placet
337 3286 495 3342 solicitudo
514 3296 613 3338 vestra
631 3299 686 3353 pro
711 3283 868 3336 formandis
893 3283 1091 3351 ceremoniis,
1114 3300 1166 3338 ne.

116 3394 176 3449 que
193 3378 321 3441 formata
338 3377 425 3431 vobis
442 3375 589 3444 descripta
602 3373 714 3440 ingrata
730 3382 794 3439 est,
819 3372 843 3424 si
866 3373 913 3425 vel
938 3369 1077 3427 Erfurdia
1100 3373 1166 3429 sola

115 3468 144 3523 in
167 3483 232 3520 eam
251 3465 425 3521 consentiat.
458 3463 528 3519 Nec
552 3463 664 3521 referre
686 3472 775 3534 puto,
794 3461 827 3515 si
849 3470 984 3517 caeterae
1007 3459 1164 3517 Ecclesiae

114 3556 209 3621 nolint
226 3555 256 3609 ia
273 3553 535 3615 eamcoacedere:
558 3552 625 3621 quis
648 3563 737 3620 coget
755 3551 885 3607 invitos?
918 3550 987 3606 Nos
1010 3566 1083 3604 sane
1100 3552 1165 3620 jam

114 3630 363 3700 delineaveramus
378 3641 727 3712 formam,‚Priacipiqae
744 3648 848 3694 nostro
865 3640 1013 3712 misimus,
1031 3656 1066 3694 ac
1082 3657 1164 3694 nuuc

107 3737 172 3806 jam
188 3734 253 3803 rjus
270 3735 406 3803 mandato
424 3732 608 3798 elaboratur,
624 3733 749 3785 crastina
762 3729 920 3784 Dominlca
936 3729 1057 3800 publico
1072 3745 1165 3801 expe.

110 3826 238 3878 rimento
262 3821 420 3876 actitabitur
444 3822 473 3875 in
495 3821 616 3874 nomine
635 3819 758 3875 Christi.
791 3817 856 3874 Erit
873 3829 972 3872 autem
988 3819 1079 3873 missa
1096 3827 1164 3872 νεα

108 3915 213 3968 nacula
229 3928 284 3983 pro
300 3911 399 3978 laicis,
423 3909 608 3981 quotidianus
632 3925 705 3963 vcro
728 3908 826 3962 cultus
845 3907 965 3963 Latinus
991 3908 1062 3975 erit,
1089 3924 1163 3963 con.

101 4003 216 4075 junctis
233 3999 411 4058 lectionibus
427 3999 611 4068 vernaculis,
632 4008 672 4055 -ut
686 3996 767 4055 haec
780 3997 881 4066 brevi,
905 3996 1032 4071 publicis
1057 4013 1161 4055 exem
