<?xml version="1.0" encoding="UTF-8"?>
<!DOCTYPE html PUBLIC "-//W3C//DTD XHTML 1.0 Transitional//EN"
    "http://www.w3.org/TR/xhtml1/DTD/xhtml1-transitional.dtd">
<html xmlns="http://www.w3.org/1999/xhtml" xml:lang="en" lang="en">
 <head>
  <title>
</title>
<meta http-equiv="Content-Type" content="text/html;charset=utf-8" />
  <meta name='ocr-system' content='tesseract 3.04.00' />
  <meta name='ocr-capabilities' content='ocr_page ocr_carea ocr_par ocr_line ocrx_word'/>
</head>
<body>
  <div class='ocr_page' id='page_1' title='image "./briefesendschre06luthgoog/briefesendschre06luthgoog_0218.png"; bbox 0 0 2558 4726; ppageno 0'>
   <div class='ocr_carea' id='block_1_1' title="bbox 531 319 1107 422">
    <p class='ocr_par' dir='ltr' id='par_1_1' title="bbox 531 319 1107 422">
     <span class='ocr_line' id='line_1_1' title="bbox 531 319 1107 422; baseline -0.005 -35"><span class='ocrx_word' id='word_1_1' title='bbox 531 319 622 392; x_wconf 63' lang='lat' dir='ltr'>isati</span> <span class='ocrx_word' id='word_1_2' title='bbox 720 409 725 422; x_wconf 26' lang='grc' dir='ltr'>Ι</span> <span class='ocrx_word' id='word_1_3' title='bbox 792 336 795 346; x_wconf 55' lang='lat'>¹</span> <span class='ocrx_word' id='word_1_4' title='bbox 1048 321 1107 388; x_wconf 83' lang='lat' dir='ltr'>tas</span> 
     </span>
    </p>
   </div>
   <div class='ocr_carea' id='block_1_2' title="bbox 11 476 1154 1627">
    <p class='ocr_par' dir='ltr' id='par_1_2' title="bbox 11 476 1154 1627">
     <span class='ocr_line' id='line_1_2' title="bbox 59 476 1108 550; baseline -0.002 -16"><span class='ocrx_word' id='word_1_5' title='bbox 59 480 193 535; x_wconf 81' lang='lat' dir='ltr'>Insanire</span> <span class='ocrx_word' id='word_1_6' title='bbox 210 494 264 534; x_wconf 85' lang='lat' dir='ltr'>eos</span> <span class='ocrx_word' id='word_1_7' title='bbox 282 480 383 541; x_wconf 85' lang='lat' dir='ltr'>dicunt</span> <span class='ocrx_word' id='word_1_8' title='bbox 400 479 579 550; x_wconf 78' lang='lat' dir='ltr'>quilegunt,</span> <span class='ocrx_word' id='word_1_9' title='bbox 599 480 678 550; x_wconf 83' lang='lat' dir='ltr'>quod</span> <span class='ocrx_word' id='word_1_10' title='bbox 694 480 777 534; x_wconf 87' lang='lat' dir='ltr'>l&#39;scile</span> <span class='ocrx_word' id='word_1_11' title='bbox 794 480 895 535; x_wconf 80' lang='lat' dir='ltr'>credo.</span> <span class='ocrx_word' id='word_1_12' title='bbox 927 478 1023 533; x_wconf 78' lang='lat' dir='ltr'>Jonas</span> <span class='ocrx_word' id='word_1_13' title='bbox 1039 476 1108 532; x_wconf 85' lang='lat' dir='ltr'>abiit</span> 
     </span>
     <span class='ocr_line' id='line_1_3' title="bbox 58 569 1108 640; baseline -0.005 -14"><span class='ocrx_word' id='word_1_14' title='bbox 58 588 131 626; x_wconf 88' lang='lat' dir='ltr'>cum</span> <span class='ocrx_word' id='word_1_15' title='bbox 148 573 238 625; x_wconf 85' lang='lat' dir='ltr'>ilomo</span> <span class='ocrx_word' id='word_1_16' title='bbox 256 587 307 623; x_wconf 85' lang='lat' dir='ltr'>sua</span> <span class='ocrx_word' id='word_1_17' title='bbox 326 572 356 624; x_wconf 89' lang='lat' dir='ltr'>in</span> <span class='ocrx_word' id='word_1_18' title='bbox 375 571 496 638; x_wconf 82' lang='lat' dir='ltr'>patriam</span> <span class='ocrx_word' id='word_1_19' title='bbox 513 581 593 624; x_wconf 84' lang='lat' dir='ltr'>metu</span> <span class='ocrx_word' id='word_1_20' title='bbox 610 571 719 640; x_wconf 84' lang='lat' dir='ltr'>pestis,</span> <span class='ocrx_word' id='word_1_21' title='bbox 745 587 820 640; x_wconf 87' lang='lat' dir='ltr'>quae</span> <span class='ocrx_word' id='word_1_22' title='bbox 845 571 913 624; x_wconf 86' lang='lat' dir='ltr'>licet</span> <span class='ocrx_word' id='word_1_23' title='bbox 937 570 974 624; x_wconf 86' lang='lat' dir='ltr'>sit</span> <span class='ocrx_word' id='word_1_24' title='bbox 991 569 1108 624; x_wconf 84' lang='lat' dir='ltr'>modica</span> 
     </span>
     <span class='ocr_line' id='line_1_4' title="bbox 57 658 1110 732; baseline -0.002 -17"><span class='ocrx_word' id='word_1_25' title='bbox 57 664 141 732; x_wconf 78' lang='lat' dir='ltr'>apud&#39;</span> <span class='ocrx_word' id='word_1_26' title='bbox 162 678 236 723; x_wconf 75' lang='lat' dir='ltr'>noa,</span> <span class='ocrx_word' id='word_1_27' title='bbox 266 660 427 715; x_wconf 79' lang='lat' dir='ltr'>incredibili</span> <span class='ocrx_word' id='word_1_28' title='bbox 450 673 549 714; x_wconf 90' lang='lat' dir='ltr'>tamen</span> <span class='ocrx_word' id='word_1_29' title='bbox 575 676 684 729; x_wconf 85' lang='lat' dir='ltr'>pavore</span> <span class='ocrx_word' id='word_1_30' title='bbox 709 662 840 713; x_wconf 87' lang='lat' dir='ltr'>omnium</span> <span class='ocrx_word' id='word_1_31' title='bbox 865 660 956 713; x_wconf 83' lang='lat' dir='ltr'>corda</span> <span class='ocrx_word' id='word_1_32' title='bbox 982 658 1110 728; x_wconf 87' lang='lat' dir='ltr'>percutit</span> 
     </span>
     <span class='ocr_line' id='line_1_5' title="bbox 57 748 1108 817; baseline -0.003 -12"><span class='ocrx_word' id='word_1_33' title='bbox 57 751 164 815; x_wconf 85' lang='lat' dir='ltr'>Satan,</span> <span class='ocrx_word' id='word_1_34' title='bbox 182 763 217 804; x_wconf 80' lang='lat' dir='ltr'>tta</span> <span class='ocrx_word' id='word_1_35' title='bbox 235 760 268 802; x_wconf 88' lang='lat' dir='ltr'>ut</span> <span class='ocrx_word' id='word_1_36' title='bbox 285 766 341 817; x_wconf 79' lang='lat' dir='ltr'>ego</span> <span class='ocrx_word' id='word_1_37' title='bbox 359 760 387 802; x_wconf 88' lang='lat' dir='ltr'>et</span> <span class='ocrx_word' id='word_1_38' title='bbox 410 748 589 802; x_wconf 81' lang='lat' dir='ltr'>l&#39;omeranus</span> <span class='ocrx_word' id='word_1_39' title='bbox 608 748 657 801; x_wconf 90' lang='lat' dir='ltr'>hic</span> <span class='ocrx_word' id='word_1_40' title='bbox 676 749 732 802; x_wconf 90' lang='lat' dir='ltr'>soli</span> <span class='ocrx_word' id='word_1_41' title='bbox 749 749 858 802; x_wconf 80' lang='lat' dir='ltr'>simus:</span> <span class='ocrx_word' id='word_1_42' title='bbox 881 761 911 801; x_wconf 88' lang='lat' dir='ltr'>et</span> <span class='ocrx_word' id='word_1_43' title='bbox 926 764 987 804; x_wconf 87' lang='lat' dir='ltr'>non</span> <span class='ocrx_word' id='word_1_44' title='bbox 1004 761 1108 802; x_wconf 85' lang='lat' dir='ltr'>sumus</span> 
     </span>
     <span class='ocr_line' id='line_1_6' title="bbox 58 820 1153 909; baseline -0.002 -14"><span class='ocrx_word' id='word_1_45' title='bbox 58 842 137 906; x_wconf 83' lang='lat' dir='ltr'>soll,</span> <span class='ocrx_word' id='word_1_46' title='bbox 156 842 207 894; x_wconf 83' lang='lat' dir='ltr'>sed</span> <span class='ocrx_word' id='word_1_47' title='bbox 225 840 363 894; x_wconf 77' lang='lat' dir='ltr'>Christus</span> <span class='ocrx_word' id='word_1_48' title='bbox 378 838 534 892; x_wconf 79' lang='lat' dir='ltr'>nobiscum</span> <span class='ocrx_word' id='word_1_49' title='bbox 549 849 610 900; x_wconf 87' lang='lat' dir='ltr'>est,</span> <span class='ocrx_word' id='word_1_50' title='bbox 627 838 859 907; x_wconf 85' lang='lat' dir='ltr'>triumphaturus</span> <span class='ocrx_word' id='word_1_51' title='bbox 877 849 905 890; x_wconf 89' lang='lat' dir='ltr'>et</span> <span class='ocrx_word' id='word_1_52' title='bbox 918 820 1109 909; x_wconf 83' lang='lat' dir='ltr'>protecturus</span> <span class='ocrx_word' id='word_1_53' title='bbox 1150 875 1153 884; x_wconf 79' lang='lat'>‚</span> 
     </span>
     <span class='ocr_line' id='line_1_7' title="bbox 11 925 1111 997; baseline -0.005 -11"><span class='ocrx_word' id='word_1_54' title='bbox 11 925 17 931; x_wconf 73' lang='grc'><em>’</em></span> <span class='ocrx_word' id='word_1_55' title='bbox 58 946 118 986; x_wconf 86' lang='lat' dir='ltr'>uos</span> <span class='ocrx_word' id='word_1_56' title='bbox 136 931 164 985; x_wconf 90' lang='lat' dir='ltr'>in</span> <span class='ocrx_word' id='word_1_57' title='bbox 182 941 275 982; x_wconf 80' lang='lat' dir='ltr'>semet</span> <span class='ocrx_word' id='word_1_58' title='bbox 293 944 359 997; x_wconf 82' lang='lat' dir='ltr'>ipso</span> <span class='ocrx_word' id='word_1_59' title='bbox 377 928 517 980; x_wconf 82' lang='lat' dir='ltr'>adversus</span> <span class='ocrx_word' id='word_1_60' title='bbox 536 927 687 991; x_wconf 77' lang='lat' dir='ltr'>Serenam,</span> <span class='ocrx_word' id='word_1_61' title='bbox 704 928 782 981; x_wconf 87' lang='lat' dir='ltr'>sicut</span> <span class='ocrx_word' id='word_1_62' title='bbox 800 927 948 982; x_wconf 88' lang='lat' dir='ltr'>credimus</span> <span class='ocrx_word' id='word_1_63' title='bbox 966 937 995 978; x_wconf 91' lang='lat' dir='ltr'>et</span> <span class='ocrx_word' id='word_1_64' title='bbox 1012 942 1111 996; x_wconf 81' lang='lat' dir='ltr'>spera.</span> 
     </span>
     <span class='ocr_line' id='line_1_8' title="bbox 57 1016 1113 1088; baseline -0.003 -15"><span class='ocrx_word' id='word_1_65' title='bbox 57 1036 139 1073; x_wconf 87' lang='lat' dir='ltr'>mus.</span> <span class='ocrx_word' id='word_1_66' title='bbox 171 1018 341 1088; x_wconf 75' lang='lat' dir='ltr'>Philippum</span> <span class='ocrx_word' id='word_1_67' title='bbox 359 1028 550 1087; x_wconf 84' lang='lat' dir='ltr'>expectamus</span> <span class='ocrx_word' id='word_1_68' title='bbox 568 1017 649 1071; x_wconf 80' lang='lat' dir='ltr'>orani</span> <span class='ocrx_word' id='word_1_69' title='bbox 667 1016 724 1070; x_wconf 88' lang='lat' dir='ltr'>die.</span> <span class='ocrx_word' id='word_1_70' title='bbox 750 1016 822 1086; x_wconf 83' lang='lat' dir='ltr'>Spes</span> <span class='ocrx_word' id='word_1_71' title='bbox 838 1027 895 1076; x_wconf 80' lang='lat' dir='ltr'>est,</span> <span class='ocrx_word' id='word_1_72' title='bbox 912 1016 1113 1074; x_wconf 64' lang='lat' dir='ltr'>visitationem</span> 
     </span>
     <span class='ocr_line' id='line_1_9' title="bbox 59 1103 1154 1177; baseline -0.002 -14"><span class='ocrx_word' id='word_1_73' title='bbox 59 1109 149 1163; x_wconf 80' lang='lat' dir='ltr'>facile</span> <span class='ocrx_word' id='word_1_74' title='bbox 168 1116 371 1177; x_wconf 85' lang='lat' dir='ltr'>processuram</span> <span class='ocrx_word' id='word_1_75' title='bbox 380 1144 390 1172; x_wconf 87' lang='lat'><strong><em>,</em></strong></span> <span class='ocrx_word' id='word_1_76' title='bbox 403 1104 467 1173; x_wconf 86' lang='lat' dir='ltr'>jam</span> <span class='ocrx_word' id='word_1_77' title='bbox 483 1121 538 1174; x_wconf 90' lang='lat' dir='ltr'>per</span> <span class='ocrx_word' id='word_1_78' title='bbox 555 1103 721 1172; x_wconf 72' lang='lat' dir='ltr'>visitatores</span> <span class='ocrx_word' id='word_1_79' title='bbox 735 1104 901 1175; x_wconf 77' lang='lat' dir='ltr'>composita</span> <span class='ocrx_word' id='word_1_80' title='bbox 913 1105 1113 1176; x_wconf 76' lang='lat' dir='ltr'>pulcherrime</span> <span class='ocrx_word' id='word_1_81' title='bbox 1147 1139 1154 1176; x_wconf 60' lang='grc' dir='ltr'><strong><em>ς</em></strong></span> 
     </span>
     <span class='ocr_line' id='line_1_10' title="bbox 60 1194 1154 1266; baseline -0.003 -13"><span class='ocrx_word' id='word_1_82' title='bbox 60 1197 262 1263; x_wconf 85' lang='lat' dir='ltr'>ordinatione,</span> <span class='ocrx_word' id='word_1_83' title='bbox 280 1211 369 1264; x_wconf 90' lang='lat' dir='ltr'>quam</span> <span class='ocrx_word' id='word_1_84' title='bbox 385 1194 531 1265; x_wconf 78' lang='lat' dir='ltr'>Princeps</span> <span class='ocrx_word' id='word_1_85' title='bbox 547 1194 678 1248; x_wconf 87' lang='lat' dir='ltr'>editurus</span> <span class='ocrx_word' id='word_1_86' title='bbox 691 1205 753 1261; x_wconf 83' lang='lat' dir='ltr'>est,</span> <span class='ocrx_word' id='word_1_87' title='bbox 770 1209 803 1248; x_wconf 87' lang='lat' dir='ltr'>ut</span> <span class='ocrx_word' id='word_1_88' title='bbox 815 1195 1016 1266; x_wconf 83' lang='lat' dir='ltr'>nubispostea</span> <span class='ocrx_word' id='word_1_89' title='bbox 1029 1195 1112 1250; x_wconf 82' lang='lat' dir='ltr'>facile</span> <span class='ocrx_word' id='word_1_90' title='bbox 1140 1227 1154 1244; x_wconf 85' lang='grc'>·.</span> 
     </span>
     <span class='ocr_line' id='line_1_11' title="bbox 60 1283 1154 1354; baseline -0.006 -10"><span class='ocrx_word' id='word_1_91' title='bbox 60 1290 103 1344; x_wconf 84' lang='lat' dir='ltr'>sit</span> <span class='ocrx_word' id='word_1_92' title='bbox 119 1288 274 1343; x_wconf 82' lang='lat' dir='ltr'>convenire</span> <span class='ocrx_word' id='word_1_93' title='bbox 292 1297 321 1339; x_wconf 88' lang='lat' dir='ltr'>et</span> <span class='ocrx_word' id='word_1_94' title='bbox 339 1283 491 1350; x_wconf 87' lang='lat' dir='ltr'>ordinare,</span> <span class='ocrx_word' id='word_1_95' title='bbox 518 1299 592 1354; x_wconf 85' lang='lat' dir='ltr'>quae</span> <span class='ocrx_word' id='word_1_96' title='bbox 610 1285 777 1339; x_wconf 83' lang='lat' dir='ltr'>necessaria</span> <span class='ocrx_word' id='word_1_97' title='bbox 799 1295 867 1340; x_wconf 86' lang='lat' dir='ltr'>sunt</span> <span class='ocrx_word' id='word_1_98' title='bbox 884 1302 937 1354; x_wconf 87' lang='lat' dir='ltr'>pro</span> <span class='ocrx_word' id='word_1_99' title='bbox 952 1284 1112 1343; x_wconf 76' lang='lat' dir='ltr'>Ecclesiis.</span> <span class='ocrx_word' id='word_1_100' title='bbox 1151 1332 1154 1337; x_wconf 25' lang='lat'><strong>⁴</strong></span> 
     </span>
     <span class='ocr_line' id='line_1_12' title="bbox 61 1373 1153 1448; baseline 0.001 -16"><span class='ocrx_word' id='word_1_101' title='bbox 61 1380 146 1434; x_wconf 88' lang='lat' dir='ltr'>Haec</span> <span class='ocrx_word' id='word_1_102' title='bbox 163 1376 212 1431; x_wconf 88' lang='lat' dir='ltr'>tibi</span> <span class='ocrx_word' id='word_1_103' title='bbox 228 1377 258 1430; x_wconf 90' lang='lat' dir='ltr'>in</span> <span class='ocrx_word' id='word_1_104' title='bbox 275 1374 510 1429; x_wconf 73' lang='lat' dir='ltr'>consolationem</span> <span class='ocrx_word' id='word_1_105' title='bbox 527 1373 648 1441; x_wconf 86' lang='lat' dir='ltr'>scribo,</span> <span class='ocrx_word' id='word_1_106' title='bbox 674 1385 704 1429; x_wconf 88' lang='lat' dir='ltr'>et</span> <span class='ocrx_word' id='word_1_107' title='bbox 720 1384 752 1429; x_wconf 89' lang='lat' dir='ltr'>ut</span> <span class='ocrx_word' id='word_1_108' title='bbox 776 1391 845 1429; x_wconf 89' lang='lat' dir='ltr'>ores</span> <span class='ocrx_word' id='word_1_109' title='bbox 861 1375 1033 1444; x_wconf 80' lang='lat' dir='ltr'>Christum,</span> <span class='ocrx_word' id='word_1_110' title='bbox 1052 1384 1119 1448; x_wconf 79' lang='lat' dir='ltr'>quo.</span> <span class='ocrx_word' id='word_1_111' title='bbox 1151 1407 1153 1410; x_wconf 57' lang='lat'>&gt;</span> 
     </span>
     <span class='ocr_line' id='line_1_13' title="bbox 62 1462 1113 1536; baseline -0.001 -14"><span class='ocrx_word' id='word_1_112' title='bbox 62 1470 198 1536; x_wconf 79' lang='lat' dir='ltr'>dignetur</span> <span class='ocrx_word' id='word_1_113' title='bbox 214 1476 356 1536; x_wconf 87' lang='lat' dir='ltr'>coeptum</span> <span class='ocrx_word' id='word_1_114' title='bbox 374 1480 450 1534; x_wconf 86' lang='lat' dir='ltr'>opus</span> <span class='ocrx_word' id='word_1_115' title='bbox 470 1462 631 1532; x_wconf 85' lang='lat' dir='ltr'>perlicere,</span> <span class='ocrx_word' id='word_1_116' title='bbox 658 1463 685 1517; x_wconf 88' lang='lat' dir='ltr'>in</span> <span class='ocrx_word' id='word_1_117' title='bbox 711 1479 772 1533; x_wconf 90' lang='lat' dir='ltr'>quo</span> <span class='ocrx_word' id='word_1_118' title='bbox 796 1463 870 1520; x_wconf 89' lang='lat' dir='ltr'>bene</span> <span class='ocrx_word' id='word_1_119' title='bbox 895 1468 977 1532; x_wconf 80' lang='lat' dir='ltr'>vals,</span> <span class='ocrx_word' id='word_1_120' title='bbox 1004 1470 1113 1526; x_wconf 82' lang='lat' dir='ltr'>Amen.</span> 
     </span>
     <span class='ocr_line' id='line_1_14' title="bbox 60 1552 1001 1627; baseline -0.006 -13"><span class='ocrx_word' id='word_1_121' title='bbox 60 1559 190 1615; x_wconf 67' lang='lat' dir='ltr'>Feriaa.</span> <span class='ocrx_word' id='word_1_122' title='bbox 207 1567 275 1627; x_wconf 85' lang='lat' dir='ltr'>post</span> <span class='ocrx_word' id='word_1_123' title='bbox 292 1553 492 1609; x_wconf 78' lang='lat' dir='ltr'>Assumtionis</span> <span class='ocrx_word' id='word_1_124' title='bbox 509 1552 643 1620; x_wconf 82' lang='lat' dir='ltr'>Mariae,</span> <span class='ocrx_word' id='word_1_125' title='bbox 666 1569 742 1607; x_wconf 85' lang='lat' dir='ltr'>anno</span> <span class='ocrx_word' id='word_1_126' title='bbox 760 1552 1001 1610; x_wconf 79' lang='lat' dir='ltr'>ntnxxvn.</span> 
     </span>
    </p>
   </div>
   <div class='ocr_carea' id='block_1_3' title="bbox 749 1659 1114 1720">
    <p class='ocr_par' dir='ltr' id='par_1_3' title="bbox 749 1659 1114 1720">
     <span class='ocr_line' id='line_1_15' title="bbox 749 1659 1114 1720; baseline 0.025 -10"><span class='ocrx_word' id='word_1_127' title='bbox 749 1659 899 1716; x_wconf 84' lang='lat' dir='ltr'>Martinus</span> <span class='ocrx_word' id='word_1_128' title='bbox 918 1660 1114 1720; x_wconf 53' lang='lat' dir='ltr'>Lutherusw</span> 
     </span>
    </p>
   </div>
   <div class='ocr_carea' id='block_1_4' title="bbox 94 1925 1082 2224">
    <p class='ocr_par' dir='ltr' id='par_1_4' title="bbox 94 1925 1082 2224">
     <span class='ocr_line' id='line_1_16' title="bbox 94 1925 1082 2083; baseline 0 -36"><span class='ocrx_word' id='word_1_129' title='bbox 94 1997 138 2049; x_wconf 84' lang='lat'>21.</span> <span class='ocrx_word' id='word_1_130' title='bbox 158 1988 290 2083; x_wconf 63' lang='lat' dir='ltr'>suasi.</span> <span class='ocrx_word' id='word_1_131' title='bbox 825 1988 882 2047; x_wconf 86' lang='lat' dir='ltr'><strong>N⁰.·</strong></span> <span class='ocrx_word' id='word_1_132' title='bbox 894 1925 1082 2062; x_wconf 63' lang='lat' dir='ltr'>DCCCXCL</span> 
     </span>
     <span class='ocr_line' id='line_1_17' title="bbox 382 2098 828 2224; baseline -0.004 -12"><span class='ocrx_word' id='word_1_133' title='bbox 382 2098 451 2212; x_wconf 43' lang='lat' dir='ltr'>&#39;sla</span> <span class='ocrx_word' id='word_1_134' title='bbox 472 2105 561 2224; x_wconf 59' lang='lat' dir='ltr'>{lot</span> <span class='ocrx_word' id='word_1_135' title='bbox 584 2141 780 2221; x_wconf 75' lang='lat' dir='ltr'>ttntlttta.</span> <span class='ocrx_word' id='word_1_136' title='bbox 824 2132 828 2137; x_wconf 77' lang='grc'><strong>’</strong></span> 
     </span>
    </p>
   </div>
   <div class='ocr_carea' id='block_1_5' title="bbox 183 2299 994 2355">
    <p class='ocr_par' dir='ltr' id='par_1_5' title="bbox 183 2299 994 2355">
     <span class='ocr_line' id='line_1_18' title="bbox 183 2299 994 2355; baseline 0 -8"><span class='ocrx_word' id='word_1_137' title='bbox 183 2303 207 2352; x_wconf 74' lang='lat' dir='ltr'>s.</span> <span class='ocrx_word' id='word_1_138' title='bbox 220 2301 247 2353; x_wconf 82' lang='lat' dir='ltr'>ta</span> <span class='ocrx_word' id='word_1_139' title='bbox 260 2301 309 2354; x_wconf 70' lang='lat' dir='ltr'>titt</span> <span class='ocrx_word' id='word_1_140' title='bbox 322 2300 415 2355; x_wconf 67' lang='lat' dir='ltr'>trauan</span> <span class='ocrx_word' id='word_1_141' title='bbox 429 2301 493 2351; x_wconf 66' lang='lat' dir='ltr'>tarta</span> <span class='ocrx_word' id='word_1_142' title='bbox 506 2299 664 2354; x_wconf 68' lang='lat' dir='ltr'>attulisti</span> <span class='ocrx_word' id='word_1_143' title='bbox 677 2299 731 2348; x_wconf 76' lang='lat' dir='ltr'>tant</span> <span class='ocrx_word' id='word_1_144' title='bbox 745 2300 826 2350; x_wconf 69' lang='lat' dir='ltr'>otton</span> <span class='ocrx_word' id='word_1_145' title='bbox 840 2299 994 2355; x_wconf 61' lang='lat' dir='ltr'>rusticana.</span> 
     </span>
    </p>
   </div>
   <div class='ocr_carea' id='block_1_6' title="bbox 101 2534 1077 2666">
    <p class='ocr_par' dir='ltr' id='par_1_6' title="bbox 101 2534 1077 2666">
     <span class='ocr_line' id='line_1_19' title="bbox 101 2534 1077 2591; baseline 0.001 -8"><span class='ocrx_word' id='word_1_146' title='bbox 101 2535 431 2590; x_wconf 68' lang='lat' dir='ltr'>sstaA‘urlfaberll.3ll-</span> <span class='ocrx_word' id='word_1_147' title='bbox 456 2536 514 2589; x_wconf 77' lang='lat' dir='ltr'>tsat.</span> <span class='ocrx_word' id='word_1_148' title='bbox 528 2535 586 2580; x_wconf 83' lang='lat' dir='ltr'>Cod.</span> <span class='ocrx_word' id='word_1_149' title='bbox 600 2535 685 2580; x_wconf 76' lang='lat' dir='ltr'>lculi</span> <span class='ocrx_word' id='word_1_150' title='bbox 707 2537 777 2585; x_wconf 75' lang='lat' dir='ltr'>2l.n.</span> <span class='ocrx_word' id='word_1_151' title='bbox 796 2534 839 2582; x_wconf 80' lang='lat' dir='ltr'>iol.</span> <span class='ocrx_word' id='word_1_152' title='bbox 854 2538 897 2584; x_wconf 80' lang='lat' dir='ltr'>tto.</span> <span class='ocrx_word' id='word_1_153' title='bbox 923 2536 1023 2591; x_wconf 60' lang='lat' dir='ltr'>mtutstlt</span> <span class='ocrx_word' id='word_1_154' title='bbox 1036 2536 1077 2591; x_wconf 66' lang='lat' dir='ltr'>lats</span> 
     </span>
     <span class='ocr_line' id='line_1_20' title="bbox 459 2607 711 2666; baseline 0.004 -8"><span class='ocrx_word' id='word_1_155' title='bbox 459 2607 564 2666; x_wconf 53' lang='lat' dir='ltr'>walls</span> <span class='ocrx_word' id='word_1_156' title='bbox 577 2608 640 2656; x_wconf 79' lang='lat' dir='ltr'>lllll.</span> <span class='ocrx_word' id='word_1_157' title='bbox 655 2611 711 2659; x_wconf 69' lang='lat' dir='ltr'>tuta</span> 
     </span>
    </p>
   </div>
   <div class='ocr_carea' id='block_1_7' title="bbox 390 2739 796 2829">
    <p class='ocr_par' dir='ltr' id='par_1_7' title="bbox 390 2739 796 2829">
     <span class='ocr_line' id='line_1_21' title="bbox 390 2739 796 2829; baseline 0.007 -36"><span class='ocrx_word' id='word_1_158' title='bbox 390 2740 443 2796; x_wconf 84' lang='lat' dir='ltr'>M.</span> <span class='ocrx_word' id='word_1_159' title='bbox 464 2741 587 2797; x_wconf 71' lang='lat' dir='ltr'>loanni</span> <span class='ocrx_word' id='word_1_160' title='bbox 602 2739 796 2829; x_wconf 25' lang='lat' dir='ltr'>Aqricolae..</span> 
     </span>
    </p>
   </div>
   <div class='ocr_carea' id='block_1_8' title="bbox 64 2860 1177 3697">
    <p class='ocr_par' dir='ltr' id='par_1_8' title="bbox 64 2860 1177 3697">
     <span class='ocr_line' id='line_1_22' title="bbox 68 2860 1112 2974; baseline 0.002 -18"><span class='ocrx_word' id='word_1_161' title='bbox 68 2860 213 2956; x_wconf 80' lang='lat' dir='ltr'>Gratiam</span> <span class='ocrx_word' id='word_1_162' title='bbox 239 2912 269 2956; x_wconf 84' lang='lat' dir='ltr'>ct</span> <span class='ocrx_word' id='word_1_163' title='bbox 292 2917 397 2972; x_wconf 90' lang='lat' dir='ltr'>pacem</span> <span class='ocrx_word' id='word_1_164' title='bbox 422 2901 450 2954; x_wconf 91' lang='lat' dir='ltr'>in</span> <span class='ocrx_word' id='word_1_165' title='bbox 477 2901 606 2957; x_wconf 87' lang='lat' dir='ltr'>Christo.</span> <span class='ocrx_word' id='word_1_166' title='bbox 650 2900 767 2956; x_wconf 86' lang='lat' dir='ltr'>Gratias</span> <span class='ocrx_word' id='word_1_167' title='bbox 792 2919 864 2971; x_wconf 81' lang='lat' dir='ltr'>ago,</span> <span class='ocrx_word' id='word_1_168' title='bbox 893 2903 931 2957; x_wconf 90' lang='lat' dir='ltr'>mi</span> <span class='ocrx_word' id='word_1_169' title='bbox 960 2903 1112 2974; x_wconf 78' lang='lat' dir='ltr'>Agricola,</span> 
     </span>
     <span class='ocr_line' id='line_1_23' title="bbox 69 2989 1114 3062; baseline 0.005 -18"><span class='ocrx_word' id='word_1_170' title='bbox 69 3010 124 3062; x_wconf 86' lang='lat' dir='ltr'>pro</span> <span class='ocrx_word' id='word_1_171' title='bbox 143 2992 343 3046; x_wconf 85' lang='lat' dir='ltr'>consolatione</span> <span class='ocrx_word' id='word_1_172' title='bbox 361 3007 449 3060; x_wconf 89' lang='lat' dir='ltr'>quam</span> <span class='ocrx_word' id='word_1_173' title='bbox 463 2989 587 3056; x_wconf 88' lang='lat' dir='ltr'>tletlisti,</span> <span class='ocrx_word' id='word_1_174' title='bbox 606 2989 675 3042; x_wconf 88' lang='lat' dir='ltr'>dum</span> <span class='ocrx_word' id='word_1_175' title='bbox 687 2991 793 3045; x_wconf 89' lang='lat' dir='ltr'>scribis</span> <span class='ocrx_word' id='word_1_176' title='bbox 808 2991 973 3046; x_wconf 78' lang='lat' dir='ltr'>Ecclesiam</span> <span class='ocrx_word' id='word_1_177' title='bbox 987 3005 1114 3050; x_wconf 82' lang='lat' dir='ltr'>vestram</span> 
     </span>
     <span class='ocr_line' id='line_1_24' title="bbox 67 3072 1154 3160; baseline 0.005 -26"><span class='ocrx_word' id='word_1_178' title='bbox 67 3097 136 3136; x_wconf 90' lang='lat' dir='ltr'>esse</span> <span class='ocrx_word' id='word_1_179' title='bbox 153 3081 316 3144; x_wconf 84' lang='lat' dir='ltr'>solicitam</span> <span class='ocrx_word' id='word_1_180' title='bbox 342 3090 372 3133; x_wconf 90' lang='lat' dir='ltr'>et</span> <span class='ocrx_word' id='word_1_181' title='bbox 387 3095 472 3132; x_wconf 88' lang='lat' dir='ltr'>orare</span> <span class='ocrx_word' id='word_1_182' title='bbox 491 3094 544 3147; x_wconf 89' lang='lat' dir='ltr'>pro</span> <span class='ocrx_word' id='word_1_183' title='bbox 562 3095 626 3134; x_wconf 90' lang='lat' dir='ltr'>me</span> <span class='ocrx_word' id='word_1_184' title='bbox 658 3077 743 3132; x_wconf 85' lang='lat' dir='ltr'>Deus</span> <span class='ocrx_word' id='word_1_185' title='bbox 767 3081 938 3160; x_wconf 86' lang='lat' dir='ltr'>consoletur</span> <span class='ocrx_word' id='word_1_186' title='bbox 962 3089 990 3138; x_wconf 86' lang='lat' dir='ltr'>et</span> <span class='ocrx_word' id='word_1_187' title='bbox 1009 3100 1065 3136; x_wconf 88' lang='lat' dir='ltr'>vos</span> <span class='ocrx_word' id='word_1_188' title='bbox 1084 3085 1114 3139; x_wconf 89' lang='lat' dir='ltr'>in</span> <span class='ocrx_word' id='word_1_189' title='bbox 1147 3072 1154 3083; x_wconf 84' lang='grc'><strong><em>’</em></strong></span> 
     </span>
     <span class='ocr_line' id='line_1_25' title="bbox 65 3166 1112 3242; baseline 0 -17"><span class='ocrx_word' id='word_1_190' title='bbox 65 3170 265 3226; x_wconf 82' lang='lat' dir='ltr'>tribulatione.</span> <span class='ocrx_word' id='word_1_191' title='bbox 297 3167 363 3237; x_wconf 87' lang='lat' dir='ltr'>Ego</span> <span class='ocrx_word' id='word_1_192' title='bbox 381 3170 405 3230; x_wconf 71' lang='grc'>1)</span> <span class='ocrx_word' id='word_1_193' title='bbox 424 3184 495 3230; x_wconf 90' lang='lat' dir='ltr'>oro,</span> <span class='ocrx_word' id='word_1_194' title='bbox 511 3184 548 3219; x_wconf 87' lang='lat' dir='ltr'>ne</span> <span class='ocrx_word' id='word_1_195' title='bbox 566 3166 704 3222; x_wconf 85' lang='lat' dir='ltr'>desinatis</span> <span class='ocrx_word' id='word_1_196' title='bbox 716 3184 763 3221; x_wconf 89' lang='lat' dir='ltr'>me</span> <span class='ocrx_word' id='word_1_197' title='bbox 779 3180 806 3222; x_wconf 92' lang='lat' dir='ltr'>et</span> <span class='ocrx_word' id='word_1_198' title='bbox 818 3169 963 3224; x_wconf 85' lang='lat' dir='ltr'>consolari</span> <span class='ocrx_word' id='word_1_199' title='bbox 977 3182 1003 3224; x_wconf 91' lang='lat' dir='ltr'>et</span> <span class='ocrx_word' id='word_1_200' title='bbox 1015 3189 1112 3242; x_wconf 81' lang='lat' dir='ltr'>orare,</span> 
     </span>
     <span class='ocr_line' id='line_1_26' title="bbox 66 3256 1111 3332; baseline 0.004 -19"><span class='ocrx_word' id='word_1_201' title='bbox 66 3261 135 3332; x_wconf 88' lang='lat' dir='ltr'>quia</span> <span class='ocrx_word' id='word_1_202' title='bbox 161 3262 246 3329; x_wconf 87' lang='lat' dir='ltr'>inops</span> <span class='ocrx_word' id='word_1_203' title='bbox 273 3268 302 3312; x_wconf 88' lang='lat' dir='ltr'>et</span> <span class='ocrx_word' id='word_1_204' title='bbox 327 3273 438 3329; x_wconf 84' lang='lat' dir='ltr'>pauper</span> <span class='ocrx_word' id='word_1_205' title='bbox 462 3270 538 3309; x_wconf 87' lang='lat' dir='ltr'>sum</span> <span class='ocrx_word' id='word_1_206' title='bbox 573 3256 643 3310; x_wconf 92' lang='lat' dir='ltr'>Non</span> <span class='ocrx_word' id='word_1_207' title='bbox 663 3258 741 3326; x_wconf 87' lang='lat' dir='ltr'>quod</span> <span class='ocrx_word' id='word_1_208' title='bbox 760 3257 982 3313; x_wconf 84' lang='lat' dir='ltr'>Sacramenttrii</span> <span class='ocrx_word' id='word_1_209' title='bbox 999 3261 1029 3326; x_wconf 80' lang='lat'>⁴)</span> <span class='ocrx_word' id='word_1_210' title='bbox 1054 3279 1111 3317; x_wconf 85' lang='lat' dir='ltr'>nos</span> 
     </span>
     <span class='ocr_line' id='line_1_27' title="bbox 64 3347 1177 3424; baseline 0 -17"><span class='ocrx_word' id='word_1_211' title='bbox 64 3363 205 3407; x_wconf 80' lang='lat' dir='ltr'>moveant</span> <span class='ocrx_word' id='word_1_212' title='bbox 212 3390 234 3417; x_wconf 89' lang='lat'><em>,</em></span> <span class='ocrx_word' id='word_1_213' title='bbox 247 3365 375 3421; x_wconf 92' lang='lat' dir='ltr'>quorum</span> <span class='ocrx_word' id='word_1_214' title='bbox 392 3348 479 3402; x_wconf 80' lang='lat' dir='ltr'>furias</span> <span class='ocrx_word' id='word_1_215' title='bbox 496 3347 625 3401; x_wconf 89' lang='lat' dir='ltr'>nondum</span> <span class='ocrx_word' id='word_1_216' title='bbox 643 3348 699 3416; x_wconf 86' lang='lat' dir='ltr'>legi</span> <span class='ocrx_word' id='word_1_217' title='bbox 716 3365 772 3402; x_wconf 88' lang='lat' dir='ltr'>nec</span> <span class='ocrx_word' id='word_1_218' title='bbox 790 3351 866 3414; x_wconf 88' lang='lat' dir='ltr'>vidi,</span> <span class='ocrx_word' id='word_1_219' title='bbox 891 3367 1039 3424; x_wconf 82' lang='lat' dir='ltr'>speroque</span> <span class='ocrx_word' id='word_1_220' title='bbox 1061 3370 1114 3423; x_wconf 79' lang='lat' dir='ltr'>pet·</span> <span class='ocrx_word' id='word_1_221' title='bbox 1174 3351 1177 3355; x_wconf 81' lang='grc'><strong>’</strong></span> 
     </span>
     <span class='ocr_line' id='line_1_28' title="bbox 66 3433 1112 3523; baseline 0 -27"><span class='ocrx_word' id='word_1_222' title='bbox 66 3442 235 3523; x_wconf 75' lang='lat' dir='ltr'>Christum,</span> <span class='ocrx_word' id='word_1_223' title='bbox 261 3438 310 3493; x_wconf 85' lang='lat' dir='ltr'>me</span> <span class='ocrx_word' id='word_1_224' title='bbox 337 3448 552 3492; x_wconf 84' lang='lat' dir='ltr'>contemtorem</span> <span class='ocrx_word' id='word_1_225' title='bbox 580 3433 735 3504; x_wconf 70' lang='lat' dir='ltr'>fore⁸ejus</span> <span class='ocrx_word' id='word_1_226' title='bbox 762 3440 897 3508; x_wconf 85' lang='lat' dir='ltr'>Satanae,</span> <span class='ocrx_word' id='word_1_227' title='bbox 925 3450 1012 3512; x_wconf 88' lang='lat' dir='ltr'>atque</span> <span class='ocrx_word' id='word_1_228' title='bbox 1038 3443 1112 3498; x_wconf 91' lang='lat' dir='ltr'>adeo</span> 
     </span>
     <span class='ocr_line' id='line_1_29' title="bbox 65 3526 1113 3602; baseline 0.002 -17"><span class='ocrx_word' id='word_1_229' title='bbox 65 3536 225 3586; x_wconf 85' lang='lat' dir='ltr'>victorem.</span> <span class='ocrx_word' id='word_1_230' title='bbox 260 3528 329 3602; x_wconf 88' lang='lat' dir='ltr'>lpse</span> <span class='ocrx_word' id='word_1_231' title='bbox 347 3526 500 3598; x_wconf 62' lang='lat' dir='ltr'>Satan&#39;pcr</span> <span class='ocrx_word' id='word_1_232' title='bbox 517 3540 550 3579; x_wconf 88' lang='lat' dir='ltr'>se</span> <span class='ocrx_word' id='word_1_233' title='bbox 568 3541 636 3578; x_wconf 90' lang='lat' dir='ltr'>cum</span> <span class='ocrx_word' id='word_1_234' title='bbox 654 3535 713 3577; x_wconf 87' lang='lat' dir='ltr'>tota</span> <span class='ocrx_word' id='word_1_235' title='bbox 732 3528 837 3579; x_wconf 89' lang='lat' dir='ltr'>virtute</span> <span class='ocrx_word' id='word_1_236' title='bbox 855 3544 906 3593; x_wconf 80' lang='lat' dir='ltr'>sua</span> <span class='ocrx_word' id='word_1_237' title='bbox 925 3529 952 3582; x_wconf 91' lang='lat' dir='ltr'>in</span> <span class='ocrx_word' id='word_1_238' title='bbox 972 3547 1019 3583; x_wconf 84' lang='lat' dir='ltr'>me</span> <span class='ocrx_word' id='word_1_239' title='bbox 1035 3531 1113 3600; x_wconf 81' lang='lat' dir='ltr'>furit,</span> 
     </span>
     <span class='ocr_line' id='line_1_30' title="bbox 65 3601 1112 3697; baseline 0.003 -21"><span class='ocrx_word' id='word_1_240' title='bbox 65 3622 226 3697; x_wconf 83' lang='lat' dir='ltr'>posuitque</span> <span class='ocrx_word' id='word_1_241' title='bbox 243 3635 291 3672; x_wconf 85' lang='lat' dir='ltr'>mc</span> <span class='ocrx_word' id='word_1_242' title='bbox 308 3617 458 3673; x_wconf 88' lang='lat' dir='ltr'>Dominus</span> <span class='ocrx_word' id='word_1_243' title='bbox 475 3616 532 3683; x_wconf 91' lang='lat' dir='ltr'>illi,</span> <span class='ocrx_word' id='word_1_244' title='bbox 558 3616 636 3668; x_wconf 79' lang='lat' dir='ltr'>vetut</span> <span class='ocrx_word' id='word_1_245' title='bbox 660 3615 782 3670; x_wconf 86' lang='lat' dir='ltr'>alterum</span> <span class='ocrx_word' id='word_1_246' title='bbox 802 3617 878 3673; x_wconf 84' lang='lat' dir='ltr'>lliolt</span> <span class='ocrx_word' id='word_1_247' title='bbox 890 3601 912 3688; x_wconf 55' lang='grc'>,’</span> <span class='ocrx_word' id='word_1_248' title='bbox 925 3620 952 3674; x_wconf 89' lang='lat' dir='ltr'>in</span> <span class='ocrx_word' id='word_1_249' title='bbox 979 3622 1112 3692; x_wconf 82' lang='lat' dir='ltr'>signum,</span> 
     </span>
    </p>
   </div>
   <div class='ocr_carea' id='block_1_9' title="bbox 71 3749 595 3774">
    <p class='ocr_par' dir='ltr' id='par_1_9' title="bbox 71 3749 595 3774">
     <span class='ocr_line' id='line_1_31' title="bbox 71 3749 595 3774; baseline 0.002 -10"><span class='ocrx_word' id='word_1_250' title='bbox 71 3749 595 3774; x_wconf 53' lang='lat' dir='ltr'><em>W</em></span> 
     </span>
    </p>
   </div>
   <div class='ocr_carea' id='block_1_10' title="bbox 116 3801 717 4042">
    <p class='ocr_par' dir='ltr' id='par_1_10' title="bbox 116 3801 717 4042">
     <span class='ocr_line' id='line_1_32' title="bbox 117 3801 361 3872; baseline -0.012 -8"><span class='ocrx_word' id='word_1_251' title='bbox 117 3801 227 3872; x_wconf 65' lang='lat' dir='ltr'>n‘cotss</span> <span class='ocrx_word' id='word_1_252' title='bbox 240 3817 303 3862; x_wconf 76' lang='lat' dir='ltr'>ten.</span> <span class='ocrx_word' id='word_1_253' title='bbox 324 3816 361 3861; x_wconf 80' lang='lat' dir='ltr'>st.</span> 
     </span>
     <span class='ocr_line' id='line_1_33' title="bbox 116 3980 717 4042; baseline 0.017 -22"><span class='ocrx_word' id='word_1_254' title='bbox 116 3993 141 4042; x_wconf 75' lang='lat'>.,</span> <span class='ocrx_word' id='word_1_255' title='bbox 160 3990 193 4039; x_wconf 63' lang='grc' dir='ltr'>ρ,</span> <span class='ocrx_word' id='word_1_256' title='bbox 206 3988 251 4036; x_wconf 69' lang='lat' dir='ltr'>si.</span> <span class='ocrx_word' id='word_1_257' title='bbox 264 3995 286 4032; x_wconf 77' lang='lat' dir='ltr'>i.</span> <span class='ocrx_word' id='word_1_258' title='bbox 300 3987 331 4032; x_wconf 86' lang='lat' dir='ltr'>o.</span> <span class='ocrx_word' id='word_1_259' title='bbox 345 3985 405 4041; x_wconf 72' lang='lat' dir='ltr'>aii.</span> <span class='ocrx_word' id='word_1_260' title='bbox 430 3981 475 4035; x_wconf 79' lang='lat' dir='ltr'>m.</span> <span class='ocrx_word' id='word_1_261' title='bbox 488 3980 717 4030; x_wconf 78' lang='lat' dir='ltr'>ncchxxxvltl.</span> 
     </span>
    </p>
   </div>
   <div class='ocr_carea' id='block_1_11' title="bbox 0 0 1289 4726">
    <p class='ocr_par' dir='ltr' id='par_1_11' title="bbox 0 0 1289 4726">
     <span class='ocr_line' id='line_1_34' title="bbox 0 0 1289 4726; baseline 0 0"><span class='ocrx_word' id='word_1_262' title='bbox 0 0 1289 4726; x_wconf 95' lang='lat' dir='ltr'> </span> 
     </span>
    </p>
   </div>
  </div>
 </body>
</html>
