2558 4726
603 329 692 399 1527.
1112 330 1170 392 221
1210 384 1214 403 ,

106 470 171 543 niai
190 489 296 542 fratres
314 489 372 543 mei
390 488 539 545 devexent
553 504 618 546 me:
639 491 708 562 quin
727 494 847 562 peccata
863 500 947 557 mea,
963 500 1064 551 mora,
1081 486 1168 541 Satan

107 594 190 632 cum
209 580 319 647 angelis
343 578 405 633 suis
428 581 490 635 aine
514 581 571 637 fine
596 582 737 635 saeviunt.
772 579 812 636 Et
835 580 904 652 quid
928 591 991 647 est,
1019 578 1098 649 quod
1121 590 1170 630 me

105 678 217 723 servet
241 679 270 722 et
294 668 426 736 soletur,
454 669 479 723 si
504 671 591 723 etiam
616 669 755 724 Christus
780 684 828 723 me
855 668 1016 739 relinquat,
1044 674 1168 738 propter

106 772 208 829 quern
225 757 265 811 alli
281 774 331 811 me
349 757 497 814 oderunt?
530 756 587 814 Sed
603 774 666 814 non
681 758 827 830 'relinquet
841 760 870 813 ia
882 744 969 812 tinem
984 765 1169 827 peccatorem

106 847 335 915 miserrimum,
359 847 488 902 arbitror
503 849 581 903 enim
598 864 647 902 me
663 863 733 904 ease
749 840 946 902 novissimum
964 847 1097 901 omnium
1113 846 1170 901 ho.

107 939 240 992 minum.
275 937 303 993 0
327 939 438 992 utinam
461 947 490 991 et
511 939 617 993 itcmm
639 941 750 993 utinam
763 936 920 993 'Erasmus
945 946 975 991 et
999 938 1179 1009 Sacramen.

106 1026 181 1081 tarii
199 1025 283 1080 unius
300 1026 394 1080 horae
410 1037 513 1098 quarta
530 1026 630 1082 cordis
644 1026 702 1080 mei
720 1026 851 1097 experiri
869 1034 994 1098 possent
1004 1024 1169 1081 miseriam:

108 1133 207 1188 quam
225 1132 350 1170 securus
367 1133 422 1186 ego
440 1118 681 1187 pronuntiarem,
699 1131 752 1171 cos
768 1117 966 1172 sincerissime
983 1115 1121 1169 converti
1140 1123 1172 1170 ot

109 1207 223 1262 sanan.
255 1205 346 1261 Nunc
364 1206 421 1277 ipsi
439 1206 549 1260 inimici
566 1205 625 1262 mei
645 1206 719 1261 drani
744 1215 812 1262 aaut
837 1219 866 1262 et
889 1207 1012 1274 vivunt,
1039 1206 1168 1278 denique

112 1296 228 1352 addunt
253 1296 388 1351 dolorem
413 1311 504 1368 super
531 1296 685 1364 dolorem,
714 1308 743 1351 et
770 1313 860 1367 quem
885 1295 973 1352 Deus
1001 1297 1168 1368 percussit,

112 1395 346 1458 persequuntur.
381 1387 436 1450 Sed
454 1387 529 1441 haec
546 1387 634 1454 satia,
658 1403 698 1441 ne
719 1387 777 1441 sian
800 1386 943 1458 querulus
968 1396 999 1441 et
1015 1386 1169 1458 impatiens

112 1475 216 1544 virgae
234 1475 311 1544 Dei,
329 1477 379 1548 qui
397 1477 525 1548 percutit
542 1487 573 1531 et
590 1488 689 1544 sanat,
713 1475 822 1534 occidit
840 1488 869 1532 et
886 1475 1030 1541 vivificat,
1048 1476 1170 1531 benedi.

112 1575 186 1619 ctus
202 1564 232 1618 in
249 1582 302 1622 aua
320 1576 419 1621 sancta
442 1566 577 1637 placente
604 1577 633 1619 et
659 1568 791 1638 perfecta
816 1560 978 1620 voluntate.
1012 1565 1090 1621 Fieri
1108 1582 1168 1622 non

110 1664 235 1728 potest,
253 1664 385 1727 atquem
396 1656 524 1711 mundus
538 1666 566 1735 et
575 1654 721 1736 Princeps¹
734 1655 799 1734 eius
812 1657 854 1713 sic
866 1655 945 1723 odit,
963 1655 1033 1726 quin
1047 1650 1169 1710 Christo

110 1743 248 1817 placeat:
273 1744 297 1798 si
315 1745 350 1798 dc
368 1744 479 1799 mundo
496 1756 651 1811 essemus,
670 1726 835 1813 anundus,
850 1745 930 1815 quod
956 1760 1043 1799 suum
1071 1754 1165 1811 esset,

112 1835 260 1905 diligeret.
293 1833 429 1889 Solicitus
447 1850 513 1909 sum
530 1845 559 1889 et
575 1850 630 1906 pro
647 1835 751 1890 uxoris
770 1843 871 1905 partu,
896 1834 935 1888 ita
956 1851 1005 1888 me
1023 1835 1170 1906 pavefecit

113 1926 291 1995 exemplum
308 1923 454 1995 Capeliani
471 1925 590 1981 uxoris:
612 1924 665 1982 aed
681 1940 785 1994 magna
801 1923 872 1978 mihi
888 1924 975 1989 iecit,
993 1924 1043 1994 qui
1061 1932 1169 1995 potens

115 2024 182 2083 est,
198 2029 302 2083 magua
314 2014 400 2069 etiam
413 2029 428 2067 a
442 2030 490 2068 me
506 2013 696 2085 requiruntur
706 2029 781 2085 quae
795 2014 903 2081 feratu,
920 2011 1057 2068 Christus
1069 2027 1168 2081 meus,

116 2121 211 2176 quem
227 2120 300 2176 pure
316 2102 405 2159 docui
422 2112 451 2159 et
467 2104 625 2160 contestata
642 2118 728 2169 sum,
745 2101 783 2160 sit
797 2112 880 2175 petra
893 2112 923 2158 et
935 2102 1079 2158 fortitudo
1092 2119 1170 2170 mea,

117 2199 227 2261 Amen.

182 2270 379 2339 dohannellus
396 2297 482 2338 meus
493 2282 557 2355 jam
573 2298 634 2338 non
651 2281 755 2342 salutat
773 2290 800 2336 te
817 2298 887 2355 prae
900 2282 1098 2352 aegritudine,
1116 2282 1170 2338 sed

117 2382 200 2446 optat
216 2374 367 2428 orationes
384 2382 449 2428 tuas
466 2360 522 2445 pro
540 2360 584 2427 se.
617 2371 712 2428 Hodie
731 2370 789 2427 xli
806 2372 870 2428 dies
888 2382 975 2439 sunt,
999 2372 1081 2444 quod
1098 2371 1170 2428 nihil

117 2462 270 2529 comedit,
287 2463 353 2517 aolo
371 2476 441 2533 pota
457 2460 729 2534 alitusa'utounque:
747 2478 827 2518 nunc
842 2478 946 2534 parum
957 2461 1060 2533 incipit
1070 2446 1169 2518 edere.

115 2549 250 2618 Mirum,
273 2567 361 2622 quam
378 2551 472 2606 inians
489 2551 536 2606 ille
552 2549 642 2605 uellet
657 2566 740 2605 more
758 2565 815 2611 suo
832 2549 926 2611 laetus
942 2559 971 2606 et
987 2551 1070 2607 fortia
1087 2567 1168 2620 esse,

116 2641 172 2696 sed
199 2656 260 2694 nou
288 2650 386 2711 potest
413 2639 578 2695 debilitatus
606 2640 707 2695 nimio.
752 2637 953 2709 Margarithae
981 2638 1169 2696 Mochinnao

116 2740 271 2803 apostema
294 2728 360 2785 heri
383 2730 510 2784 incisum
534 2739 596 2798 est,
620 2740 650 2784 et
672 2746 745 2800 pure
768 2729 920 2801 pestilente
938 2731 1049 2786 emisso
1067 2731 1170 2803 incipit

114 2820 224 2874 melius
240 2818 367 2874 habere:
385 2819 490 2874 inclusi
508 2833 572 2877 eam
589 2817 792 2889 hybernaculo
811 2798 913 2874 nostio
926 2819 1053 2887 usitato,
1069 2836 1125 2875 nos
1139 2818 1169 2875 iu

118 2909 264 2963 anteriore
282 2924 385 2978 magna
401 2907 466 2961 aula
483 2923 644 2962 versamur.
670 2907 830 2962 lleoschen
845 2908 874 2961 ia
888 2924 957 2963 meo
969 2894 1168 2980 hypocausta,

116 2999 276 3068 Ataguatini
293 3014 373 3053 uxor
388 2997 417 3050 in
434 3011 507 3052 suo:
534 3012 689 3069 apetamus
707 2999 797 3068 pestis
814 2997 912 3063 finem.
947 2998 1017 3052 Vale
1035 3011 1064 3052 et
1080 3015 1169 3067 oscu.

115 3088 179 3142 lare
197 3087 284 3142 liliam
302 3097 329 3141 et
345 3088 523 3158 amplectere
540 3097 663 3142 matrem
682 3087 765 3156 ejus,
787 3102 939 3143 memores
963 3087 1056 3143 nostri
1073 3088 1170 3160 preci.

114 3179 175 3234 bus
192 3177 312 3242 vestris,
490 3239 493 3245 .

184 3269 284 3337 Atque
306 3275 339 3318 ut
361 3265 432 3319 novi
458 3264 566 3336 aliquid
589 3263 738 3332 scribam,
764 3264 860 3320 literas
878 3263 953 3330 vidi,
976 3281 1049 3336 quas
1066 3265 1170 3321 Frater

114 3355 300 3410 Christianae
314 3352 515 3410 Goldschmid
528 3353 575 3407 ille
588 3354 708 3423 juvenis
724 3352 855 3424 scripsit,
873 3353 903 3407 in
921 3353 1029 3424 quibus
1047 3354 1169 3409 confite.

113 3457 187 3512 tur,
205 3461 246 3509 ‘se
264 3444 447 3498 contraxisse
470 3458 539 3496 cum
554 3440 712 3497 Dorothea
728 3441 883 3509 Felltiuua,
907 3443 932 3495 ai
949 3442 1085 3514 utrinque
1102 3461 1170 3515 per.
1229 3514 1235 3519 ·

112 3519 250 3590 miserint
264 3533 393 3601 cognati,
411 3531 537 3586 lirmoet
553 3547 624 3584 vero
635 3529 660 3594 ¹)
679 3530 829 3600 conjugio,
847 3531 1042 3602 imploratque
1055 3534 1169 3590 sotoris

114 3638 147 3678 et
164 3621 324 3677 Christiani
342 3606 498 3675 consilium
517 3630 547 3674 et
563 3620 722 3673 auxilium:
750 3619 820 3691 quid
839 3617 1022 3688 liatigooro,
1040 3620 1101 3676 hoc
1119 3638 1169 3697 so.

116 3713 181 3768 rori
199 3712 263 3781 ejus
282 3720 366 3765 certo
383 3709 493 3781 poteris
511 3725 640 3763 narrare.
674 3708 802 3761 Romam
817 3707 928 3761 nollem
941 3720 1091 3777 exustam,
1109 3727 1170 3764 ma.

112 3790 209 3872 guum
225 3798 304 3854 enim
322 3809 490 3870 portentum
503 3807 590 3853 essct.
624 3796 742 3851 Utinam
755 3809 857 3851 rursus
872 3796 973 3851 liceret
985 3797 1167 3870 cohabitare,

166 3997 188 4046 tl
213 3989 313 4036 Auris.
338 4000 401 4035 raro.
