2558 4726
591 321 686 393 tsas.
1097 314 1166 392 ass
1190 402 1195 410 ,

107 480 162 539 De
178 496 238 554 qua
255 497 290 538 re
306 480 440 540 nondum
456 481 603 556 adripuisti
620 482 656 539 ad
672 499 738 553 me,
756 483 837 543 forte
852 482 935 556 quod
952 496 1015 537 rem
1032 474 1166 538 aonddm

108 572 298 643 exploratam
322 573 433 629 habes:
448 574 583 646 'explora
604 573 708 644 igitur,
734 581 857 646 et-quae
881 573 920 630 sit
937 573 1075 628 voluntas
1097 580 1166 640 tua,
1209 584 1214 597 ·

108 661 301 730 significabis.
344 659 427 718 Nam
452 661 489 718 de
515 662 602 718 vidua
625 662 673 718 illa
695 661 724 730 ⁴)
754 673 853 718 totum
876 664 933 718 erit
956 670 1040 716 tuum
1067 659 1169 738 consi.
1192 680 1194 688 ·

108 751 215 828 derare
233 761 263 806 et
279 751 455 816 consulere,
471 759 538 807 ante
556 751 655 808 omnia
666 767 741 806 vero
758 750 893 807 oratione
909 751 986 823 apud
997 750 1168 806 Dominum

109 840 284 913 postulare,
309 848 344 909 ut
364 856 421 895 cor
441 836 525 896 tuuiu
542 851 625 912 regat
647 851 677 896 et
693 851 811 896 moveat
834 838 864 895 in
887 839 1010 910 gloriam
1028 857 1113 896 suam
1137 845 1171 895 et

112 933 239 987 salutem
251 941 342 986 tuam.
376 930 413 986 lu
429 947 490 1001 quo
501 931 578 987 beue
589 931 665 987 vale.
700 928 856 1002 Philippus
869 929 934 985 heri
951 929 1022 985 abiit
1039 930 1073 984 ad
1091 945 1168 989 onus

72 1022 77 1031 '
111 1021 297 1078 visitationis.
330 1020 403 1079 Tuo
419 1036 472 1078 ora
487 1037 544 1095 pro
561 1038 611 1078 ao.
643 1020 705 1095 Die
722 1019 752 1076 S.
770 1018 868 1086 Galli,
884 1018 1096 1076 MDXXVlll.
1182 1049 1189 1057 -

533 1118 540 1128 ’
805 1117 956 1174 Martinus
972 1115 1136 1176 Lutherus.

140 1453 190 1519 rao.
205 1444 367 1512 vitales.
502 1451 505 1456 ’
889 1449 943 1508 Νῠ.
960 1447 1137 1508 Mxxxlx.

398 1583 448 1654 ιιι
474 1582 591 1662 bert.
613 1583 882 1666 atteramur.

105 1727 132 1778 s.
146 1723 219 1774 testi
231 1725 271 1781 tile
283 1725 399 1784 atatem
409 1726 546 1780 warato
559 1728 607 1774 aaa
619 1724 743 1779 subdat
755 1725 824 1778 lade
836 1734 864 1780 ιιι
876 1723 973 1780 tameat
980 1721 1027 1779 aas
1037 1724 1070 1775 tl
1079 1721 1171 1779 litata

488 1799 550 1857 idat
562 1800 684 1853 edelttta
697 1799 794 1855 matrs

193 1995 254 2044 sibl.
267 1995 347 2044 brem.
360 1996 397 2044 01.
410 1997 429 2045 L
443 1997 501 2046 tanc.
514 2000 535 2047 2.
549 2011 574 2058 p.
587 2001 645 2054 aa..
666 1999 707 2051 lm
720 1995 991 2047 strobel-ltaaner
1003 2008 1027 2056 p.
1040 1995 1086 2044 m

435 2071 536 2127 amita
548 2074 590 2126 tea
602 2071 697 2124 meld
710 2071 775 2122 xxi.
789 2073 847 2121 ¹¹2⁶.

110 2177 168 2270 G·
187 2233 218 2282 et
234 2224 271 2283 P.
288 2225 317 2283 ia
336 2225 371 2284 C.
403 2226 445 2284 Et
469 2227 569 2285 literas
595 2238 624 2289 et
641 2246 788 2303 pannum,
809 2227 849 2284 mi
868 2225 1026 2286 Gerharde
1042 2224 1171 2296 Lampa.
1272 2194 1278 2205 ¹

109 2315 211 2385 darie,
228 2318 402 2388 accepimus
420 2333 489 2395 qum
507 2320 676 2391 uoluptate.
699 2320 781 2391 quod
802 2329 918 2373 atomo
935 2317 1065 2372 candore
1083 2314 1171 2370 animi
1258 2372 1265 2384 ‚

111 2415 145 2460 et
161 2407 265 2462 lavore
282 2406 384 2477 cordis
400 2408 439 2462 ad
453 2425 510 2465 noa
527 2409 655 2465 missum
671 2419 719 2464 est
734 2423 861 2477 munus,
884 2416 917 2463 ut
935 2414 1016 2463 recte
1034 2405 1170 2475 fecerim,

111 2512 149 2549 ac
167 2496 278 2552 secisse
295 2495 369 2551 mihi
386 2497 504 2566 videar,
530 2499 644 2570 quite,
670 2497 773 2553 nescio
791 2514 854 2571 quo
877 2498 938 2552 sato
960 2504 1011 2551 aut
1027 2494 1170 2561 consilio,

103 2585 342 2658 -Lampadarium
358 2587 539 2659 appellarim.
572 2588 673 2642 Totus
690 2588 769 2643 enim
785 2585 869 2642 luces
887 2587 1017 2641 candore
1034 2595 1063 2640 et
1084 2585 1169 2641 ardes
1249 2644 1253 2653 ,

109 2677 215 2731 favore
233 2676 264 2731 in
281 2679 336 2731 ista
352 2677 444 2746 fragili
460 2687 538 2733 testa
549 2678 690 2751 corporis
707 2678 759 2741 tui.
792 2676 934 2748 Denique
948 2686 1092 2748 perpetuo
1110 2675 1171 2730 sin.

110 2765 249 2838 gulisque
265 2767 404 2823 noctibus
422 2767 532 2822 utimur
547 2766 577 2838 in
592 2765 675 2822 huno
692 2754 770 2822 diem
787 2766 885 2822 Ketha
900 2776 965 2820 mea
983 2776 1013 2821 et
1036 2783 1091 2835 ego
1109 2765 1169 2822 tuis

110 2855 317 2928 lampadibus,
334 2857 530 2929 dolemusque
547 2857 695 2927 vicissim,
713 2856 787 2913 ailad
805 2874 821 2911 a
837 2855 924 2927 nobis
939 2855 1072 2912 muneris
1089 2871 1169 2922 esse,

114 2955 167 3000 aut
188 2960 278 3017 posse
299 2945 391 3015 mitti,
421 2945 502 3017 quod
525 2955 560 3011 et¹
576 2946 672 3001 nostri
697 2947 872 3000 memoriam
897 2944 974 3015 apud
997 2955 1026 3000 te
1058 2945 1167 3014 aleret,

111 3035 263 3109 pudetque
278 3036 485 3104 vehementer,
502 3052 654 3107 utinquam
670 3037 730 3091 ullo
748 3036 854 3091 saltem
870 3033 1029 3090 chartaceo
1046 3050 1169 3089 munera

112 3136 144 3182 te
162 3126 322 3195 donatum,
345 3143 415 3181 oum
432 3125 461 3180 ld
479 3127 563 3182 facile
578 3142 748 3199 possemus.
782 3126 840 3182 Sed
860 3142 930 3182 oum
954 3136 1071 3194 assunt,
1094 3124 1168 3181 nihil

111 3226 159 3271 est
176 3232 291 3272 recens,
303 3216 429 3272 editum:
447 3216 562 3271 interim
581 3216 774 3287 praeveniunt
790 3214 970 3287 bibliopolae
984 3215 1169 3288 marsupium

110 3319 210 3363 tuum.
242 3307 361 3361 Tamen
371 3323 433 3360 non
450 3306 650 3374 committam,
668 3305 739 3377 quia
756 3304 912 3377 aliquando
923 3304 972 3359 vel
990 3303 1168 3362 fasciculam

111 3398 241 3468 aliquem
264 3395 409 3451 librorum
424 3397 553 3463 mittam,
575 3395 640 3449 sive
663 3394 775 3449 tardior
790 3394 852 3448 sive
870 3394 957 3448 sianul
975 3411 1045 3449 oum
1063 3395 1182 3451 biblio.-

110 3487 219 3560 phoris
235 3474 366 3540 veniam:
384 3486 496 3556 atque
520 3500 599 3539 nunc
617 3484 767 3538 misissem
782 3483 917 3553 desajam
937 3501 1045 3538 recens
1064 3495 1167 3541 natum
1180 3505 1196 3518 ³

111 3591 306 3648 germanum,
324 3575 377 3630 sed
395 3575 450 3633 ista
467 3575 604 3634 distracta
622 3582 691 3628 sunt
708 3573 904 3644 exemplaria,
923 3583 954 3626 ut
973 3574 1034 3643 ipse
1052 3574 1166 3630 nullum

109 3685 169 3741 pro
197 3683 247 3720 me
270 3663 414 3730 habeam,
441 3664 582 3737 deinceps
610 3680 730 3734 capsam
755 3680 809 3736 pro
837 3672 868 3717 te
897 3672 926 3717 et
950 3663 1098 3726 Montano
1123 3665 1168 3735 ⁸⁹>

160 3851 185 3903 ⁶)
198 3849 248 3899 dtis
260 3849 361 3897 wittae
374 3848 411 3894 tel
423 3849 519 3902 soriam
532 3817 661 3903 utonem)
673 3850 753 3898 uelde
766 3853 809 3901 ot.
825 3851 950 3902 lituratum
963 3853 1048 3899 motltr.
1074 3854 1108 3904 (ἕ.
1119 3853 1166 3904 mi.

109 3930 135 3970 e.
146 3923 250 3973 derat.
264 3932 288 3967 ιι.
297 3921 330 3968 25.
339 3924 403 3971 orbi
417 3921 461 3967 Νο,
472 3922 573 3968 llxxv.
588 3934 612 3970 ιι.
625 3922 722 3970 Malu.
773 3926 811 3979 ι’)
823 3923 875 3972 Jac.
889 3924 1018 3972 Moataaus
1031 3926 1164 3985 Spirensis,

108 3998 235 4051 vertetu
248 3997 286 4043 let
299 3994 386 4047 &date
399 4003 425 4047 ta
438 3994 549 4054 ιὶιιιοιι.
