2558 4726
130 300 191 363 20⁸
603 300 696 373 tttt.

128 456 246 527 penitus
259 456 407 516 christiani
418 460 509 517 loiron
515 460 643 533 judieii-
661 462 742 519 Nm
757 464 812 537 qui
828 482 935 527 nunno
952 480 1005 529 eat
1014 474 1158 531 monui·

128 562 300 618 comparere
317 549 499 621 baptismati,
517 562 598 609 toton
615 552 745 623 insaniit,
762 566 796 611 et
812 571 920 616 aenou
938 562 1034 619 etiam
1048 562 1159 621 oon-¹

127 638 235 705 earrtit,
253 650 284 693 ut
297 640 427 711 ttipitetu
439 642 537 713 potina
549 658 636 715 qnam
648 642 773 699 beotiam
786 644 913 705 dixeris
926 652 1000 707 tatia
1011 654 1159 725 gernon

127 724 230 799 Quid?
248 739 319 783 tune
331 730 434 785 cratiae
443 732 625 803 Hieronymo
636 744 694 787 tam
703 733 795 805 impie
806 739 1159 819 contraneunteqd

126 818 354 891 praecipientem
373 820 397 887 ¹)
419 822 518 877 atatim
535 834 604 893 post
618 838 652 879 ae
668 822 766 893 iprum
782 836 937 895 parentes
962 832 995 887 in
1011 832 1160 891 ummah

124 906 240 963 heudott
256 908 393 965 honore?
419 910 459 966 th
475 922 506 965 ttt
523 912 623 981 potior
641 912 862 985 Hieronymum
881 919 1017 989 oudino,
1039 926 1123 981 totino
1135 938 1161 979 tt·

125 1010 257 1067 nantem,
279 1000 368 1055 totiea
393 1010 583 1071 peccantem,
607 1002 737 1057 breviter
756 1003 945 1079 hominem,
972 1030 1071 1085 quant
1090 1014 1161 1071 lle·

124 1088 244 1160 iprum?
278 1090 291 1145 l
308 1106 379 1159 ergo
397 1100 522 1145 nuncet
539 1100 629 1163 puta,
644 1100 677 1147 ut
692 1092 797 1149 scribit
812 1096 1056 1173 Hieronymus,
1079 1104 1161 1159 calu

124 1180 180 1234 ilos
197 1191 351 1250 parentes,
369 1190 401 1233 ut
419 1196 592 1253 perrumpti
608 1180 638 1237 in
654 1198 798 1239 eremum.
832 1184 967 1245 Deinde
979 1210 1086 1265 neque
1100 1194 1161 1249 itt&

124 1269 229 1324 cillitae
246 1268 308 1323 hoc
327 1270 383 1323 erit
400 1270 429 1323 in
446 1270 531 1339 loco,
548 1280 581 1327 ut
596 1280 698 1327 contra
709 1272 883 1331 Dominum
897 1280 1012 1339 voleat.
1048 1284 1098 1339 Sin
1111 1274 1163 1339 effi

123 1358 161 1412 ait
180 1358 328 1413 Dominus
344 1358 439 1414 Paulo
456 1360 484 1414 in
502 1360 682 1417 Corinthiis:
704 1360 875 1419 Vitrasia
893 1368 1102 1437 infirmitate
1112 1390 1162 1445 pet

114 1448 241 1516 ficitur.
275 1450 331 1503 Sed
356 1466 393 1503 ne
416 1464 499 1521 pater
523 1452 643 1522 quidem
666 1452 753 1523 inope
775 1454 870 1524 plur-lo
889 1456 1063 1519 habendo·
1084 1464 1161 1529 tun.

121 1554 208 1609 quam
224 1538 284 1593 Dei
303 1540 409 1607 gloria:
434 1541 511 1595 noeti
528 1538 607 1595 enim
622 1542 748 1597 verluun
764 1542 897 1617 Christi,
926 1548 960 1605 in
977 1552 1162 1611 Matthaeotl

120 1628 221 1694 Luca,
244 1628 342 1695 illum,
365 1629 414 1700 qui
433 1631 499 1701 plus
516 1642 654 1702 parentes
670 1631 787 1703 diligat,
812 1650 875 1689 non
895 1654 975 1695 eoae
992 1656 1030 1697 oe
1048 1644 1161 1715 dignun.

118 1718 200 1773 hunc
216 1736 276 1773 non
294 1734 381 1788 posse
398 1736 485 1773 auum
502 1736 569 1775 eene
586 1721 772 1791 discipulum.
804 1722 996 1801 Praeterea,
1023 1736 1051 1789 ei
1072 1746 1162 1791 reatu

118 1808 206 1881 aliqui
230 1808 386 1863 infeliciter
408 1810 582 1878 rejecerint,
611 1810 667 1881 ipsi
691 1811 828 1867 viderint.
865 1810 986 1875 Tuum
1012 1822 1161 1897 vermi

118 1918 179 1955 non
205 1900 278 1954 adeo
305 1900 438 1953 lortaeoio
463 1900 596 1968 ignotum
619 1898 713 1955 habea
737 1900 798 1957 Dei
823 1902 976 1977 verbum,
1004 1912 1082 1983 quid
1103 1910 1160 1967 eliel

118 1990 223 2057 luerit,
247 2006 335 2059 quarn
357 1988 549 2043 nihilominus
565 1987 740 2060 hypocrisin
761 1990 850 2046 lervie
873 1992 943 2051 istie
962 1998 1080 2057 diutino
1095 2000 1159 2057 read

116 2082 208 2135 nere?
243 2078 364 2132 Etiamsi
391 2087 471 2132 totus
497 2076 578 2133 orbiu
600 2076 651 2132 hic
674 2077 726 2134 tibi
749 2080 991 2155 contradixerit,
1019 2090 1079 2145 nini
1100 2090 1158 2145 eni!

115 2186 165 2224 ine
190 2170 292 2223 fallunt
318 2167 429 2235 outuia,
456 2166 520 2221 oola
541 2165 594 2221 hic
619 2168 798 2223 conscientia
821 2178 872 2224 tua
896 2176 1064 2243 pervineet
1087 2180 1157 2235 totio

116 2260 198 2312 urhis
222 2270 367 2312 terrarum
388 2256 542 2325 judicium.
582 2256 662 2312 Mihi
685 2258 795 2333 imponi
817 2262 952 2331 poterit,
978 2266 1057 2325 Deo
1080 2282 1155 2326 auin

115 2344 282 2421 nzfi'toyta'qn
299 2346 369 2401 nihil
387 2346 494 2401 minus.

181 2476 271 2551 Quod
297 2486 393 2529 autem
411 2476 445 2529 ad
462 2476 649 2531 vocationem
666 2477 782 2546 attinet,
809 2488 836 2533 et
858 2480 924 2552 ipae
942 2490 1110 2557 senserim,
1130 2494 1152 2541 at

114 2581 256 2637 expectes
273 2566 396 2620 Domini
415 2565 612 2623 voluntatem:
629 2567 689 2622 hoc
707 2568 785 2623 euim
803 2581 879 2638 erat,
905 2578 991 2643 quod
1011 2582 1119 2633 nollent
1130 2594 1150 2633 tt

113 2658 202 2710 acciri
213 2698 221 2724 ,
249 2658 308 2709 iuro
327 2656 445 2709 evocari
462 2656 497 2708 ad
515 2656 596 2709 hunc
613 2658 752 2726 mudum,
776 2659 831 2713 nisi
849 2662 1007 2721 voluntate
1028 2666 1150 2735 Domini,

112 2761 237 2802 vocante
250 2748 376 2818 populo',
394 2748 440 2800 cui
459 2748 586 2801 servires
599 2747 760 2803 ministerio
778 2750 869 2804 verbi.
902 2753 977 2808 Jam
994 2774 1071 2815 vero
1088 2756 1150 2832 quoti

112 2839 219 2908 objicis
230 2879 238 2905 ‚
257 2856 354 2891 nonne
373 2838 419 2891 vel
438 2838 466 2890 id
484 2837 598 2903 solum,
617 2838 704 2891 etiam
722 2838 846 2909 teipso,
864 2840 928 2895 sive
941 2848 1088 2919 volente,
1103 2850 1164 2903 stu·

112 2929 225 2996 invite,
243 2928 358 2998 prodit,
377 2938 405 2979 te
424 2942 527 2996 parum
546 2924 621 2978 bonu
640 2925 667 2979 in
683 2928 843 2982 monastice
855 2933 1065 3005 couscientia,
1083 2953 1150 2992 retr.

110 3020 169 3073 lato
190 3018 368 3085 Evangelio,
387 3018 527 3070 manere?
562 3016 641 3087 Quid
660 3015 754 3083 euim,
775 3027 843 3070 tune
862 3020 1016 3079 sttctilices
1035 3028 1149 3093 diutius,

110 3120 138 3162 et
157 3108 286 3173 interitu,
310 3106 333 3159 si
353 3106 423 3158 Deo
440 3105 550 3174 placet,
574 3118 683 3174 praeco
700 3104 782 3158 verbi
801 3106 890 3160 (livini
908 3124 978 3164 esse
997 3116 1150 3171 detrectat?

111 3199 209 3271 Quid,
235 3211 365 3268 quacun,
390 3193 439 3247 hic
463 3202 523 3246 tuta
550 3193 732 3251 couscientia
753 3194 886 3251 dixeris?
920 3197 1037 3257 Postea
1063 3206 1150 3269 videt,

108 3306 164 3359 pro
181 3304 238 3357 qua
254 3284 414 3339 temeritate
428 3282 522 3353 possit
534 3278 652 3347 haberi,
669 3282 693 3335 si
708 3283 827 3337 exueris
841 3288 1046 3361 monachum,
1064 3312 1081 3347 a
1092 3296 1151 3349 ileo

107 3392 257 3449 nunquam
284 3383 491 3443 pracceptum,
519 3386 665 3440 nunquam
689 3372 881 3439 destinatum,
904 3392 1060 3449 uunquam
1086 3384 1152 3439 deti.

108 3478 237 3537 gnatum,
253 3478 401 3532 uunquam
414 3458 604 3529 descriptum.
630 3458 711 3527 Lege
723 3460 949 3531 Esajaexxtx.
968 3468 1085 3529 Marah.
1096 3472 1151 3529 XV.

106 3558 204 3612 ptam,
222 3552 291 3607 l'll.
325 3551 385 3605 Illic
399 3550 476 3602 enim
487 3548 618 3614 videbis,
636 3550 734 3618 quanti
752 3552 903 3607 faciundae
914 3555 973 3611 aiut
987 3562 1152 3619 traditiones
1195 3574 1197 3579 ’

104 3646 268 3705 humanae,
287 3652 315 3695 et
333 3651 428 3694 tantun
449 3638 544 3691 adhuc
564 3636 719 3691 haeremus
737 3640 765 3694 in
784 3652 842 3696 tam
859 3644 979 3700 sordido
992 3648 1070 3708 luto.
1103 3654 1154 3708 ttic

107 3736 195 3807 igitur
212 3730 337 3805 optarim
355 3728 405 3783 tibi
418 3727 569 3781 Cltristtun
586 3742 710 3799 prorsus
728 3728 884 3800 benignum
901 3744 929 3787 et
945 3735 1154 3813 illustrantem,

154 3985 175 4037 t)
193 3983 231 4034 eo
245 3976 299 4029 uui
313 3978 336 4025 tt
350 3977 410 4027 uolt
424 3975 502 4033 triten
517 3976 570 4027 itatt
583 3975 747 4035 praet—intenti.
