2558 4726
597 318 687 391 1527.
1108 316 1168 387 217
1194 394 1196 400 ¹

107 472 221 546 studio
243 474 275 532 et
297 475 417 533 fervore
432 477 575 535 hactenus
600 478 765 552 praedicavi
789 486 818 536 et
836 477 935 546 colui,
960 478 1029 535 ticet
1052 477 1170 533 interim

106 564 181 623 'non
197 567 259 622 sine
277 569 405 638 peccatis
423 570 522 626 multis
540 582 568 625 et
585 571 696 641 magnis
713 587 781 626 eum
803 570 983 630 offenderim.
1017 568 1100 623 Satan
1118 585 1168 640 pe.

105 650 155 715 fit
171 657 228 712 eibi
247 658 308 712 dari
326 658 422 713 denuo
440 658 518 714 iiiob'
535 661 680 731 aliquem,
698 671 728 715 et
744 660 873 716 cribrare
888 660 1010 715 Petrum
1028 674 1096 719 cum
1114 661 1169 712 tiu.

104 743 230 805 uibus:
249 745 388 802 Christus
404 758 504 802 autem
515 748 651 817 dignetur
667 749 694 803 ei
705 749 823 804 dicere:
839 747 977 805 Animam
991 747 1056 818 ejus
1068 760 1168 818 serva,

107 843 149 890 ot
170 835 261 892 mihi:
286 834 369 915 Salus
391 846 441 893 tua
457 854 513 907 ego
537 852 623 907 rum,
648 838 725 894 sicut
748 837 845 893 adhuc
871 837 1089 910 epero‚·quod-
1108 854 1169 895 oou

111 923 266 981 irascetur
280 927 412 998 peccatis
424 928 498 983 meis
516 928 545 983 in
557 927 654 982 finem.
669 960 672 966 ·
688 928 783 1000 Cupio
799 927 980 1000 respondere
996 927 1168 983 Sacramen.
1206 937 1211 950 ¹

108 1014 218 1083 tariia,
241 1016 294 1069 sed
312 1016 367 1071 nisi
392 1017 500 1071 fortior
516 1014 582 1071 flam
606 1017 723 1085 mimo,
747 1016 819 1072 nihil
838 1032 972 1088 possum.
1003 1015 1169 1088 Exemplar

107 1112 204 1162 tuum
219 1104 365 1172 aervrho,
382 1107 436 1161 sed
453 1122 509 1162 auo
527 1118 662 1179 tempore
679 1108 807 1162 reddam.

185 1195 219 1250 ln
235 1195 325 1249 domo
342 1212 406 1250 mea
423 1196 523 1269 coepit
547 1213 615 1252 esse
631 1197 789 1269 hospitale.
825 1197 926 1251 Hunno
943 1195 1098 1266 Augustini
1116 1213 1168 1267 pe.

112 1291 201 1360 ntem
223 1285 395 1340 intrinsecus
419 1287 505 1354 eluit,
531 1287 584 1341 sed
608 1287 744 1356 resurgit.
784 1285 975 1355 Margaretha
1000 1285 1168 1342 Mochimta
1228 1347 1230 1359 ¹

114 1384 264 1444 mpecto
288 1387 471 1446 apostemate
500 1385 530 1430 et
555 1376 617 1432 aliis
642 1377 733 1445 signia
757 1376 845 1430 nobie
875 1376 1013 1452 timorem
1036 1375 1166 1447 peperit,

113 1480 286 1536 quenquam
303 1475 334 1520 et
350 1466 412 1535 ipsa
431 1465 595 1523 revalescit.
628 1466 718 1521 Valde
730 1477 831 1522 metuo
843 1466 958 1521 Kethne
970 1482 1053 1521 meae
1069 1462 1168 1537 partui

113 1552 252 1621 vicinae,
275 1570 344 1609 nam
370 1565 398 1608 et
414 1554 521 1609 filiolus
538 1570 623 1611 meus
643 1555 706 1625 jam
730 1555 827 1610 triduo
850 1571 937 1624 aeger
953 1549 1025 1610 nihil
1052 1554 1112 1609 edit
1137 1563 1167 1610 et

109 1644 197 1699 male
212 1642 316 1707 haben
336 1643 442 1699 dicitur
459 1661 526 1700 ease
543 1645 680 1699 violentia
697 1646 845 1713 dentium,
867 1656 895 1700 et
910 1646 1040 1700 creditur
1055 1657 1168 1701 utrum.

111 1749 178 1806 que
202 1749 271 1788 ecee
296 1735 325 1787 in
349 1744 427 1788 tanto
450 1734 595 1805 periculo.
631 1733 709 1790 Nam
727 1733 850 1803 Georgii
867 1734 1013 1807 Capeliani
1033 1750 1113 1789 uxor
1135 1744 1167 1790 et

112 1823 181 1895 ipsa
198 1821 294 1877 vicina
310 1823 404 1892 partui
421 1835 505 1892 peste
522 1833 661 1895 correpta
678 1823 742 1893 jam
766 1834 944 1889 exercetur,
969 1823 994 1878 ei
1012 1822 1166 1892 quomodo
1220 1864 1224 1869 -

113 1911 214 1967 insana
231 1912 334 1966 redimi
351 1914 463 1983 possit:
486 1913 639 1968 Dominus
654 1911 747 1968 Jecur
766 1913 841 1968 adsit
865 1912 906 1967 illi
922 1913 1164 1968 misericorditer.

115 2000 168 2056 Sic
187 2014 253 2055 sunt
270 2001 342 2056 ioris
358 2018 488 2071 pugnae,
514 2002 592 2056 intus
610 2015 755 2079 puriores2
777 2001 906 2073 satisque
923 2018 1062 2073 asperae,
1080 1999 1166 2056 Chri.

115 2102 184 2147 etus
205 2107 263 2146 noa
288 2091 395 2146 visitat.
432 2092 529 2146 Unum
556 2092 692 2166 solatium
718 2101 781 2157 est,
807 2093 889 2164 quod
913 2092 1032 2146 Satanae
1058 2089 1165 2146 furenti

116 2181 318 2253 opponimus,
334 2180 448 2238 scilicet
465 2180 592 2235 verbum
608 2180 713 2235 saltem
728 2179 788 2236 Dei
804 2195 861 2236 nou
878 2179 1006 2247 habere,
1030 2195 1086 2251 pro
1103 2194 1166 2234 aer.

115 2271 221 2326 vandie
239 2271 389 2325 animabus
401 2270 599 2338 credentium,
616 2285 766 2342 utotmque
783 2275 910 2342 corpor'n
924 2270 1056 2324 devoret.
1088 2267 1165 2325 Pro.

117 2360 187 2415 inde
202 2376 259 2414 nos
277 2359 413 2414 frutribus
426 2360 619 2415 commendes
636 2371 666 2413 et
679 2357 733 2414 tibi
751 2358 823 2431 ipai,
839 2368 872 2415 ut
886 2376 939 2430 pro
955 2359 1043 2414 nobis
1059 2361 1164 2429 oretis,

116 2462 151 2504 ut
169 2451 299 2503 seramus
316 2448 434 2504 sortiter
448 2464 565 2502 manum
582 2448 725 2516 Domini,
750 2459 780 2503 et
796 2449 915 2503 Satanae
936 2449 997 2502 vim
1019 2462 1047 2504 et
1063 2448 1164 2505 dolum
1256 2466 1259 2473 ⁴

115 2541 290 2609 vincamus,
310 2539 374 2592 rive
391 2554 444 2608 per
459 2550 604 2603 mortem,
628 2539 692 2593 sive
710 2538 885 2608 pervitam,
909 2545 1015 2594 Amen.
1048 2538 1165 2594 Witen.

114 2629 225 2697 bergaa
249 2629 295 2682 die
319 2629 450 2683 omnium
467 2627 658 2695 Sanctorum,
682 2644 757 2684 unno
780 2627 895 2682 decimo
915 2628 1163 2699 indulgentiarum

114 2720 374 2786 conculcaturum,
400 2735 523 2789 quarum
540 2720 681 2773 memoria
705 2719 762 2773 hac
778 2719 853 2773 hora
872 2719 1000 2775 bibimus
1024 2721 1162 2795 utrinque

115 2810 281 2877 consolati,
298 2825 375 2864 auno
391 2807 583 2864 MDxxvn.

743 2888 783 2944 T.
802 2889 950 2945 Martinus
966 2889 1127 2946 Lutherua.

146 3187 176 3248 A„
194 3187 390 3253 dirutum.
801 3178 807 3188 ⁴
869 3186 923 3244 ΝΟ.
940 3188 1127 3249 Dceccxt.

441 3314 489 3383 nr
523 3311 661 3395 &titt
697 3310 838 3394 Soror.

234 3444 382 3496 uiudrtdtm
394 3452 440 3493 ton
452 3447 493 3494 utu
506 3446 657 3498 uerteretur
671 3448 717 3493 unt
729 3446 833 3496 nterim
847 3447 872 3494 tn
885 3441 1040 3504 mittentem.

566 3561 706 3578 *—

237 3641 289 3691 stim
302 3640 463 3688 Auriiaber
476 3640 506 3689 11.
518 3643 565 3690 356.
579 3641 601 3687 b.
626 3639 724 3692 Qtutidt
737 3641 777 3692 itu
790 3639 883 3690 Quid
896 3640 960 3687 xxl.
973 3641 1030 3688 ¹⁰65.

262 3757 401 3812 Doctori
416 3758 509 3812 Justo
525 3741 644 3826 uenae,
669 3755 875 3812 Nordhusr'ue
891 3756 1013 3812 latenti.

111 3844 260 3943 Gratiam
279 3899 308 3943 et
320 3906 422 3959 pacem
439 3889 466 3943 in
479 3889 621 3944 Domino.
656 3888 747 3962 Quod
760 3888 886 3942 scribam
898 3906 957 3943 non
970 3888 1066 3943 habeo
1079 3905 1158 3958 sanc,
1217 3908 1220 3913 ·

108 3981 153 4037 mi
170 3981 267 4049 dona,
292 3996 348 4050 ego
365 3979 417 4052 qui
433 3989 605 4052 tempestiue
632 3989 661 4035 et
676 3977 918 4053 pusillanimitate·
931 3978 1050 4052 spiritua
1072 3996 1158 4050 aegre
